<?xml version="1.0" encoding="UTF-8"?>
<?xml-stylesheet type="text/xsl" href="https://www.revistas.usp.br/lib/pkp/xml/oai2.xsl" ?>
<OAI-PMH xmlns="http://www.openarchives.org/OAI/2.0/" xmlns:xsi="http://www.w3.org/2001/XMLSchema-instance" xsi:schemaLocation="http://www.openarchives.org/OAI/2.0/ http://www.openarchives.org/OAI/2.0/OAI-PMH.xsd">
<responseDate>2023-08-07T14:50:21Z</responseDate>
<request verb="ListRecords" metadataPrefix="marcxml" set="actafisiatrica">https://www.revistas.usp.br/actafisiatrica/oai</request>
<ListRecords>
<record>
<header>
<identifier>oai:revistas.usp.br:article/137599</identifier>
<datestamp>2019-11-21T20:39:05Z</datestamp>
<setSpec>actafisiatrica:Art.+Orig.</setSpec>
<setSpec>driver</setSpec>
</header>
<metadata>
<record xmlns="http://www.loc.gov/MARC21/slim" xmlns:xsi="http://www.w3.org/2001/XMLSchema-instance" xsi:schemaLocation="http://www.loc.gov/MARC21/slim http://www.loc.gov/standards/marcxml/schema/MARC21slim.xsd">
<leader>     nmb a2200000Iu 4500</leader>
<controlfield tag="008">"160307 2016                        eng  "</controlfield>
<datafield tag="022" ind1="#" ind2="#">
<subfield code="$a">2317-0190</subfield>
</datafield>
<datafield tag="022" ind1="#" ind2="#">
<subfield code="$a">0104-7795</subfield>
</datafield>
<datafield tag="042" ind1=" " ind2=" ">
<subfield code="a">dc</subfield>
</datafield>
<datafield tag="245" ind1="0" ind2="0">
<subfield code="a">Perfil de dispensação da toxina botulínica para tratamento da espasticidade: dados nacionais brasileiros</subfield>
</datafield>  <datafield tag="720" ind1="1" ind2=" ">
<subfield code="a">Chung, Tae Mo</subfield>
<subfield code="u">Universidade de São Paulo. Faculdade de Medicina. Hospital das Clinicas. Instituto de Medicina Física e Reabilitação</subfield></datafield>
<datafield tag="720" ind1="1" ind2=" ">
<subfield code="a">Moro, Adriana</subfield>
<subfield code="u">Universidade Federal do Paraná. Hospital de Clínicas.</subfield></datafield>
<datafield tag="720" ind1="1" ind2=" ">
<subfield code="a">Fonseca, Ana Paula Coutinho</subfield>
<subfield code="u">Instituto de Fisiatria, Reabilitação e Tratamento da Dor</subfield></datafield>
<datafield tag="720" ind1="1" ind2=" ">
<subfield code="a">Ramos, Arquimedes de Moura</subfield>
<subfield code="u">Universidade de São Paulo. Faculdade de Medicina. Hospital das Clinicas. Instituto de Medicina Física e Reabilitação</subfield></datafield>
<datafield tag="720" ind1="1" ind2=" ">
<subfield code="a">Carqueja, Cristiane Lima</subfield>
<subfield code="u">Centro Catarinense de Reabilitação</subfield></datafield>
<datafield tag="720" ind1="1" ind2=" ">
<subfield code="a">Xerez, Denise Rodriques</subfield>
<subfield code="u">Hospital Universitário Clementino Fraga Filho. Serviço de Medicina Física e Reabilitação</subfield></datafield>
<datafield tag="720" ind1="1" ind2=" ">
<subfield code="a">Oliveira, Eduardo Freire de</subfield>
<subfield code="u">Universidade de São Paulo. Faculdade de Medicina. Hospital das Clinicas. Instituto de Medicina Física e Reabilitação</subfield></datafield>
<datafield tag="720" ind1="1" ind2=" ">
<subfield code="a">Alonso, Gláucia Somensi de Oliveira</subfield>
<subfield code="u">Associação de Assistência à Criança Deficiente</subfield></datafield>
<datafield tag="720" ind1="1" ind2=" ">
<subfield code="a">Granero, Lucia Helena Costa Mercuri</subfield>
<subfield code="u">Universidade Federal de São Paulo</subfield></datafield>
<datafield tag="720" ind1="1" ind2=" ">
<subfield code="a">Botelho, Luiz Antonio de Arruda</subfield>
<subfield code="u">Universidade Federal de São Paulo. Setor de Bloqueio Químicos</subfield></datafield>
<datafield tag="720" ind1="1" ind2=" ">
<subfield code="a">Rassi, Maurício</subfield>
<subfield code="u">Centro de Reabilitação e Readaptação Dr Henrique Santillo</subfield></datafield>
<datafield tag="720" ind1="1" ind2=" ">
<subfield code="a">Silva, Patrícia Zambone da</subfield>
<subfield code="u">Pontifícia Universidade Católica do Rio Grande do Sul. Hospital São Lucas</subfield></datafield>
<datafield tag="720" ind1="1" ind2=" ">
<subfield code="a">Lianza, Sérgio</subfield>
<subfield code="u">Santa Casa de São Paulo. Faculdade de Ciências Médicas. Departamento de Ortopedia</subfield></datafield>
<datafield tag="720" ind1="1" ind2=" ">
<subfield code="a">Chaves, Sonia Maria Carneiro</subfield>
<subfield code="u">Centro Médico e de Reabilitação Guilherme Chaves</subfield></datafield>
<datafield tag="520" ind1=" " ind2=" ">
<subfield code="a"> The physiatrists specialized in treating spasticity were brought together for a panel discussion about the use of botulinum toxin (BT) in the public system in different states of Brazil. The data analyzed during the discussion of Datasus demonstrate a low-demand profile of the product dispensed by the Unified Health System (SUS), with heterogeneity in the distribution of TB in the Brazilian states. This scenario seems to be set up mainly for lack of a properly planned public policy, such as lack of unification and standardization of distribution centers, the lack or inadequacy of TB compensation proceeding to treatment centers, in a standardized manner by SUS and shortage of trained doctors to do it together with the lack of qualified multidisciplinary rehabilitation centers. The use of botulinum toxin for therapeutic purposes in Brazil began in the 90s, to treat dystonia and spasticity. It is currently employed in different clinical conditions; however, despite growing demand and indications over the years, there are few reports or publications on its use and benefit to patients served by the Unified Health System (SUS). To address this issue, in May 2015, in São Paulo, physiatrists from different states of Brazil met and discussed the relevance of botulinum toxin in treating spasticity. </subfield>
</datafield>
<datafield tag="260" ind1=" " ind2=" ">
<subfield code="b">Faculdade de Medicina, Universidade de São Paulo</subfield>
</datafield>
<dataField tag="260" ind1=" " ind2=" ">
<subfield code="c">2016-03-07 00:00:00</subfield>
</dataField>   <datafield tag="856" ind1=" " ind2=" ">
<subfield code="q">application/pdf</subfield>
</datafield>
<datafield tag="856" ind1=" " ind2=" ">
<subfield code="q">application/pdf</subfield>
</datafield>
<datafield tag="856" ind1="4" ind2="0">
<subfield code="u">https://www.revistas.usp.br/actafisiatrica/article/view/137599</subfield>
</datafield>  <datafield tag="786" ind1="0" ind2=" ">
<subfield code="n">Acta Fisiátrica; v. 23 n. 1 (2016)</subfield>
</datafield>  <datafield tag="546" ind1=" " ind2=" ">
<subfield code="a">eng</subfield>
</datafield>   <datafield tag="540" ind1=" " ind2=" ">
<subfield code="a">Copyright (c) 2016 Acta Fisiátrica</subfield>
</datafield>
</record>
</metadata>
</record>