
<record>
<header>
<identifier>oai:revistas.usp.br:article/137603</identifier>
<datestamp>2019-12-16T16:35:59Z</datestamp>
<setSpec>actafisiatrica:Art.+Orig.</setSpec>
<setSpec>driver</setSpec>
</header>
<metadata>
<record xmlns="http://www.loc.gov/MARC21/slim" xmlns:xsi="http://www.w3.org/2001/XMLSchema-instance" xsi:schemaLocation="http://www.loc.gov/MARC21/slim http://www.loc.gov/standards/marcxml/schema/MARC21slim.xsd">
<leader>     nmb a2200000Iu 4500</leader>
<controlfield tag="008">"160307 2016                        eng  "</controlfield>
<datafield tag="022" ind1="#" ind2="#">
<subfield code="$a">2317-0190</subfield>
</datafield>
<datafield tag="022" ind1="#" ind2="#">
<subfield code="$a">0104-7795</subfield>
</datafield>
<datafield tag="042" ind1=" " ind2=" ">
<subfield code="a">dc</subfield>
</datafield>
<datafield tag="245" ind1="0" ind2="0">
<subfield code="a">Como determinar a velocidade inicial da esteira no treinamento aeróbio de hemiparéticos crônicos?</subfield>
</datafield>  <datafield tag="720" ind1="1" ind2=" ">
<subfield code="a">Carvalho, Augusto Cesinando de</subfield>
<subfield code="u">Universidade Estadual Paulista “Júlio de Mesquita Filho”. Campus de Presidente Prudente</subfield></datafield>
<datafield tag="720" ind1="1" ind2=" ">
<subfield code="a">Messali, Fernanda Contri</subfield>
</datafield>
<datafield tag="720" ind1="1" ind2=" ">
<subfield code="a">Lorençoni, Roselene Modolo Regueiro</subfield>
<subfield code="u">Universidade Estadual Paulista “Júlio de Mesquita Filho”. Campus de Presidente Prudente</subfield></datafield>
<datafield tag="720" ind1="1" ind2=" ">
<subfield code="a">Rossi, Fabricio Eduardo</subfield>
<subfield code="u">Universidade Estadual Paulista “Júlio de Mesquita Filho”. Campus de Rio Claro</subfield></datafield>
<datafield tag="720" ind1="1" ind2=" ">
<subfield code="a">Barbatto, Lucia Martins</subfield>
<subfield code="u">Universidade Estadual Paulista “Júlio de Mesquita Filho”. Campus de Presidente Prudente</subfield></datafield>
<datafield tag="720" ind1="1" ind2=" ">
<subfield code="a">Bof, Tania Cristina</subfield>
<subfield code="u">Universidade Estadual Paulista “Júlio de Mesquita Filho”. Campus de Presidente Prudente</subfield></datafield>
<datafield tag="720" ind1="1" ind2=" ">
<subfield code="a">Silva, Fabiana Araujo</subfield>
<subfield code="u">Universidade Estadual Paulista “Júlio de Mesquita Filho”. Campus de Presidente Prudente</subfield></datafield>
<datafield tag="720" ind1="1" ind2=" ">
<subfield code="a">Vanderlei, Luiz Carlos Marques</subfield>
<subfield code="u">Universidade Estadual Paulista “Júlio de Mesquita Filho”. Campus de Presidente Prudente</subfield></datafield>
<datafield tag="520" ind1=" " ind2=" ">
<subfield code="a"> Objective: To investigate the criteria for establishing the initial treadmill speed and create a functional or cardiorespiratory motor training for hemiparetic individuals. Methods: Fifteen chronic hemiparetic individuals were recruited and qualified by the Lower Extremity Motor Coordination Test (LEMOCOT) and submitted to gait evaluation through the Timed Up and Go (TUG), Stress Test (ST), and the 10-Meter Walk Test (10MWT). Results: The analysis of the LEMOCOT results showed a mean of 26.87 ± 9.76 target hits for the non-paretic side and 15.40 ± 8.46 for the paretic side. In the TUG, the average speed of 0.37 ± 0.14 m/s was found and in the 10MWT, 0.63 ± 0.23 m/s. In the ST the average speed was 0.60 ± 0.25 m/s. There was strong and significant correlation between the TUG, 10MWT, and ST values. Conclusion: The ST and 10MWT are suitable tests to be used as eligibility criteria for the initial speed of aerobic trainings, however the ST is able to reveal the time for which the patient is able to maintain the gait. The TUG did not prove to be a good instrument to establish the initial training speed </subfield>
</datafield>
<datafield tag="260" ind1=" " ind2=" ">
<subfield code="b">Faculdade de Medicina, Universidade de São Paulo</subfield>
</datafield>
<dataField tag="260" ind1=" " ind2=" ">
<subfield code="c">2016-03-07 00:00:00</subfield>
</dataField>   <datafield tag="856" ind1=" " ind2=" ">
<subfield code="q">application/pdf</subfield>
</datafield>
<datafield tag="856" ind1=" " ind2=" ">
<subfield code="q">application/pdf</subfield>
</datafield>
<datafield tag="856" ind1="4" ind2="0">
<subfield code="u">https://www.revistas.usp.br/actafisiatrica/article/view/137603</subfield>
</datafield>  <datafield tag="786" ind1="0" ind2=" ">
<subfield code="n">Acta Fisiátrica; v. 23 n. 1 (2016)</subfield>
</datafield>  <datafield tag="546" ind1=" " ind2=" ">
<subfield code="a">eng</subfield>
</datafield>   <datafield tag="540" ind1=" " ind2=" ">
<subfield code="a">Copyright (c) 2016 Acta Fisiátrica</subfield>
</datafield>
</record>
</metadata>
</record>