
<record>
<header>
<identifier>oai:revistas.usp.br:article/137604</identifier>
<datestamp>2019-11-21T20:39:05Z</datestamp>
<setSpec>actafisiatrica:Art.+Orig.</setSpec>
<setSpec>driver</setSpec>
</header>
<metadata>
<record xmlns="http://www.loc.gov/MARC21/slim" xmlns:xsi="http://www.w3.org/2001/XMLSchema-instance" xsi:schemaLocation="http://www.loc.gov/MARC21/slim http://www.loc.gov/standards/marcxml/schema/MARC21slim.xsd">
<leader>     nmb a2200000Iu 4500</leader>
<controlfield tag="008">"160307 2016                        eng  "</controlfield>
<datafield tag="022" ind1="#" ind2="#">
<subfield code="$a">2317-0190</subfield>
</datafield>
<datafield tag="022" ind1="#" ind2="#">
<subfield code="$a">0104-7795</subfield>
</datafield>
<datafield tag="042" ind1=" " ind2=" ">
<subfield code="a">dc</subfield>
</datafield>
<datafield tag="245" ind1="0" ind2="0">
<subfield code="a">Perfil social de crianças e jovens com paralisia cerebral em um centro de reabilitação física</subfield>
</datafield>  <datafield tag="720" ind1="1" ind2=" ">
<subfield code="a">Correia, Viviane Duarte</subfield>
<subfield code="u">Universidade de São Paulo. Faculdade de Medicina. Hospital das Clinicas. Instituto de Medicina Física e Reabilitação</subfield></datafield>
<datafield tag="720" ind1="1" ind2=" ">
<subfield code="a">Salimene, Arlete Camargo de Melo</subfield>
<subfield code="u">Universidade de São Paulo. Faculdade de Medicina. Hospital das Clinicas. Instituto de Medicina Física e Reabilitação</subfield></datafield>
<datafield tag="520" ind1=" " ind2=" ">
<subfield code="a"> It is necessary to understand the changes in the lives of people with Cerebral Palsy (CP) in order to develop rehabilitation programs and health actions for their performance and participation in the various activities of daily living. Cerebral palsy is the most common cause of severe disability in infancy. It affects about two in every thousand live births worldwide, while in developing countries it is estimated at seven in every thousand live births. Objective: To get to know the socioeconomic and demographic universes of children with cerebral palsy in São Paulo/SP. Methodology: This is a quantitative, qualitative, and descriptive study on patients with a clinical and functional diagnosis of cerebral palsy who were active in rehabilitation programs during the year 2014 in the city of São Paulo/SP, between 0 and 18 years of age, and of both sexes. Results: Twenty-five patients participated in the study. The survey revealed that 52% (13) of patients were female, aged 6-15 years. In the economic sphere, 80% (20) of patients were on welfare, which is the main source of income for 40% (10) of the families. Twenty-two of the patients (88%) live in nuclear families formed by couples. The second largest proportion 20% (5) was for singleparent families headed by women. As regards the participation of the father in the treatment, 56% (14) of the cases had parental involvement, of which 91% (22) live with family income under 2 minimum salary a month. In eleven of the families (44%) there is no paternal involvement. Fourteen of these families 57% (14) live with a family income of under 1 minimum salary a month and have different family arrangements. The survey results show that 1 in every 4 patients did not attend school. As for housing, 18 patients (72%) did not have their own home and 80% (20) did not have wheelchair access. Conclusion: Getting to know the environment in which people live with disabilities is extremely important, since it can positively or negatively influence the experience of health and disease. The family dynamism and teamwork commitment in the rehabilitation process can contribute favorably to everyone’s well-being and the social inclusion of children with CP, as well as assisting in the formulation of public policies </subfield>
</datafield>
<datafield tag="260" ind1=" " ind2=" ">
<subfield code="b">Faculdade de Medicina, Universidade de São Paulo</subfield>
</datafield>
<dataField tag="260" ind1=" " ind2=" ">
<subfield code="c">2016-03-07 00:00:00</subfield>
</dataField>   <datafield tag="856" ind1=" " ind2=" ">
<subfield code="q">application/pdf</subfield>
</datafield>
<datafield tag="856" ind1=" " ind2=" ">
<subfield code="q">application/pdf</subfield>
</datafield>
<datafield tag="856" ind1="4" ind2="0">
<subfield code="u">https://www.revistas.usp.br/actafisiatrica/article/view/137604</subfield>
</datafield>  <datafield tag="786" ind1="0" ind2=" ">
<subfield code="n">Acta Fisiátrica; v. 23 n. 1 (2016)</subfield>
</datafield>  <datafield tag="546" ind1=" " ind2=" ">
<subfield code="a">eng</subfield>
</datafield>   <datafield tag="540" ind1=" " ind2=" ">
<subfield code="a">Copyright (c) 2016 Acta Fisiátrica</subfield>
</datafield>
</record>
</metadata>
</record>