
<record>
<header>
<identifier>oai:revistas.usp.br:article/137605</identifier>
<datestamp>2019-11-21T20:39:05Z</datestamp>
<setSpec>actafisiatrica:Art.+Orig.</setSpec>
<setSpec>driver</setSpec>
</header>
<metadata>
<record xmlns="http://www.loc.gov/MARC21/slim" xmlns:xsi="http://www.w3.org/2001/XMLSchema-instance" xsi:schemaLocation="http://www.loc.gov/MARC21/slim http://www.loc.gov/standards/marcxml/schema/MARC21slim.xsd">
<leader>     nmb a2200000Iu 4500</leader>
<controlfield tag="008">"160307 2016                        eng  "</controlfield>
<datafield tag="022" ind1="#" ind2="#">
<subfield code="$a">2317-0190</subfield>
</datafield>
<datafield tag="022" ind1="#" ind2="#">
<subfield code="$a">0104-7795</subfield>
</datafield>
<datafield tag="042" ind1=" " ind2=" ">
<subfield code="a">dc</subfield>
</datafield>
<datafield tag="245" ind1="0" ind2="0">
<subfield code="a">Mensuração de sobrecarga emocional em cuidadores de crianças com paralisia cerebral</subfield>
</datafield>  <datafield tag="720" ind1="1" ind2=" ">
<subfield code="a">Marques, Yara Haydenilla Menezes</subfield>
<subfield code="u">Universidade de Pernambuco</subfield></datafield>
<datafield tag="720" ind1="1" ind2=" ">
<subfield code="a">Rangel, Tathiana Corrêa</subfield>
<subfield code="u">Universidade de Pernambuco</subfield></datafield>
<datafield tag="720" ind1="1" ind2=" ">
<subfield code="a">Moraes, Gleidially Nayara Bezerra de</subfield>
</datafield>
<datafield tag="720" ind1="1" ind2=" ">
<subfield code="a">Bezerra, Roberto Rodrigues</subfield>
<subfield code="u">Universidade de Pernambuco</subfield></datafield>
<datafield tag="720" ind1="1" ind2=" ">
<subfield code="a">Carmo, Rodrigo Feliciano do</subfield>
<subfield code="u">Universidade Federal do Vale do São Francisco</subfield></datafield>
<datafield tag="520" ind1=" " ind2=" ">
<subfield code="a"> Objetivo: O presente estudo tem por objetivo avaliar o nível de sobrecarga emocional em cuidadores de crianças com paralisia cerebral, assim como, os possíveis fatores que influenciarão o aumento dessa sobrecarga. Métodos: Trata-se de um estudo descritivo de corte transversal realizado no período de fevereiro de 2014 a Setembro de 2014, em ambulatórios de fisioterapia de serviços públicos e privados. Resultados: Foram avaliados 41 cuidadores. A média de sobrecarga pela Burden Interview foi de 25,2 ± 10,1, onde 37 desses cuidadores eram mães. A sobrecarga foi maior em indivíduos com renda familiar entre 1 e 2 salários mínimos; idades mais avançadas (33,5 ± 14,77) apresentaram maior tendência à sobrecarga; e indivíduos que apresentaram um maior número de filhos (2 ou 3), tiveram resultado estatístico significante, com p = 0,0091. Conclusão: Os cuidados dispensados às crianças com paralisia cerebral e as condições físicas e socioeconômicas do cuidador são fatores importantes no aumento da sobrecarga emocional destes. Foi possível verificar, ainda, que quanto maior o número de filhos, maior a sobrecarga emocional, e que tal condição está diretamente relacionada à idade do cuidador e a renda familiar. </subfield>
</datafield>
<datafield tag="260" ind1=" " ind2=" ">
<subfield code="b">Faculdade de Medicina, Universidade de São Paulo</subfield>
</datafield>
<dataField tag="260" ind1=" " ind2=" ">
<subfield code="c">2016-03-07 00:00:00</subfield>
</dataField>   <datafield tag="856" ind1=" " ind2=" ">
<subfield code="q">application/pdf</subfield>
</datafield>
<datafield tag="856" ind1="4" ind2="0">
<subfield code="u">https://www.revistas.usp.br/actafisiatrica/article/view/137605</subfield>
</datafield>  <datafield tag="786" ind1="0" ind2=" ">
<subfield code="n">Acta Fisiátrica; v. 23 n. 1 (2016)</subfield>
</datafield>  <datafield tag="546" ind1=" " ind2=" ">
<subfield code="a">por</subfield>
</datafield>   <datafield tag="540" ind1=" " ind2=" ">
<subfield code="a">Copyright (c) 2016 Acta Fisiátrica</subfield>
</datafield>
</record>
</metadata>
</record>