
<record>
<header>
<identifier>oai:revistas.usp.br:article/137606</identifier>
<datestamp>2019-11-21T20:39:05Z</datestamp>
<setSpec>actafisiatrica:Art.+Orig.</setSpec>
<setSpec>driver</setSpec>
</header>
<metadata>
<record xmlns="http://www.loc.gov/MARC21/slim" xmlns:xsi="http://www.w3.org/2001/XMLSchema-instance" xsi:schemaLocation="http://www.loc.gov/MARC21/slim http://www.loc.gov/standards/marcxml/schema/MARC21slim.xsd">
<leader>     nmb a2200000Iu 4500</leader>
<controlfield tag="008">"160307 2016                        eng  "</controlfield>
<datafield tag="022" ind1="#" ind2="#">
<subfield code="$a">2317-0190</subfield>
</datafield>
<datafield tag="022" ind1="#" ind2="#">
<subfield code="$a">0104-7795</subfield>
</datafield>
<datafield tag="042" ind1=" " ind2=" ">
<subfield code="a">dc</subfield>
</datafield>
<datafield tag="245" ind1="0" ind2="0">
<subfield code="a">Avaliação funcional de pacientes com hemiplegia pós acidente vascular encefálico: Disabilities of the Arm, Shoulder And Hand - DASH</subfield>
</datafield>  <datafield tag="720" ind1="1" ind2=" ">
<subfield code="a">Thinen, Natalia Cristina</subfield>
<subfield code="u">Universidade de São Paulo. Faculdade de Medicina. Hospital das Clínicas. Instituto de Medicina Física e Reabilitação</subfield></datafield>
<datafield tag="720" ind1="1" ind2=" ">
<subfield code="a">Tsukimoto, Denise Rodrigues</subfield>
<subfield code="u">Universidade de São Paulo. Faculdade de Medicina. Hospital das Clínicas. Instituto de Medicina Física e Reabilitação</subfield></datafield>
<datafield tag="720" ind1="1" ind2=" ">
<subfield code="a">Tsukimoto, Gracinda Rodrigues</subfield>
<subfield code="u">Universidade de São Paulo. Faculdade de Medicina. Hospital das Clínicas. Instituto de Medicina Física e Reabilitação</subfield></datafield>
<datafield tag="520" ind1=" " ind2=" ">
<subfield code="a"> Hemiplegia after a stroke results in movement limitations of the upper and lower limbs, hindering the functional capacity of the individual to perform daily activities. Objective: To verify whether the Disability of the Arm, Shoulder, and Hand questionnaire (DASH) is an appropriate instrument to evaluate patients with hemiplegia due to a stroke. Methods: One hundred patients with hemiplegia due to stroke in treatment at the Occupational Therapy service of IMREA HC FMUSP were interviewed using the DASH instrument. Results: The DASH showed to be a valid and reproducible questionnaire because it evaluates the difficulties in performing the basic and instrumental activities of daily living regarding the motor limitations of hemiplegic patients. Conclusion: The questionnaire provided patient information on their opinion and personal satisfaction regarding their own physical condition and degree of independence for daily activities </subfield>
</datafield>
<datafield tag="260" ind1=" " ind2=" ">
<subfield code="b">Faculdade de Medicina, Universidade de São Paulo</subfield>
</datafield>
<dataField tag="260" ind1=" " ind2=" ">
<subfield code="c">2016-03-07 00:00:00</subfield>
</dataField>   <datafield tag="856" ind1=" " ind2=" ">
<subfield code="q">application/pdf</subfield>
</datafield>
<datafield tag="856" ind1=" " ind2=" ">
<subfield code="q">application/pdf</subfield>
</datafield>
<datafield tag="856" ind1="4" ind2="0">
<subfield code="u">https://www.revistas.usp.br/actafisiatrica/article/view/137606</subfield>
</datafield>  <datafield tag="786" ind1="0" ind2=" ">
<subfield code="n">Acta Fisiátrica; v. 23 n. 1 (2016)</subfield>
</datafield>  <datafield tag="546" ind1=" " ind2=" ">
<subfield code="a">eng</subfield>
</datafield>   <datafield tag="540" ind1=" " ind2=" ">
<subfield code="a">Copyright (c) 2016 Acta Fisiátrica</subfield>
</datafield>
</record>
</metadata>
</record>