
<record>
<header>
<identifier>oai:revistas.usp.br:article/137607</identifier>
<datestamp>2019-11-21T20:39:05Z</datestamp>
<setSpec>actafisiatrica:Art.+Rev.</setSpec>
<setSpec>driver</setSpec>
</header>
<metadata>
<record xmlns="http://www.loc.gov/MARC21/slim" xmlns:xsi="http://www.w3.org/2001/XMLSchema-instance" xsi:schemaLocation="http://www.loc.gov/MARC21/slim http://www.loc.gov/standards/marcxml/schema/MARC21slim.xsd">
<leader>     nmb a2200000Iu 4500</leader>
<controlfield tag="008">"160307 2016                        eng  "</controlfield>
<datafield tag="022" ind1="#" ind2="#">
<subfield code="$a">2317-0190</subfield>
</datafield>
<datafield tag="022" ind1="#" ind2="#">
<subfield code="$a">0104-7795</subfield>
</datafield>
<datafield tag="042" ind1=" " ind2=" ">
<subfield code="a">dc</subfield>
</datafield>
<datafield tag="245" ind1="0" ind2="0">
<subfield code="a">Uma visão global do treinamento físico aeróbio para pacientes com insuficiência cardíaca: estudo de revisão</subfield>
</datafield>  <datafield tag="720" ind1="1" ind2=" ">
<subfield code="a">Silva, Francisco José dos Santos</subfield>
<subfield code="u">Universidade de São Paulo. Faculdade de Medicina. Hospital das Clinicas. Instituto de Ortopedia e Traumatologia</subfield></datafield>
<datafield tag="720" ind1="1" ind2=" ">
<subfield code="a">Santos-Silva, Paulo Roberto</subfield>
<subfield code="u">Universidade de São Paulo. Faculdade de Medicina. Hospital das Clinicas. Instituto de Ortopedia e Traumatologia</subfield></datafield>
<datafield tag="720" ind1="1" ind2=" ">
<subfield code="a">Greve, Julia Maria D´Andrea</subfield>
<subfield code="u">Universidade de São Paulo. Faculdade de Medicina. Hospital das Clinicas. Instituto de Ortopedia e Traumatologia</subfield></datafield>
<datafield tag="520" ind1=" " ind2=" ">
<subfield code="a"> One of adjuvant treatment modalities for improving physical capacity and quality of life in patients with heart failure (HF) has been physical training. Objective: To update the knowledge on the effect of exercise training as an adjunct in the treatment of HF patients through a systematic review. Methods: A systematic review of randomized controlled trials was conducted using the electronic databases (PubMed/MEDLINE, EMBASE, CINAH and the Cochrane Library, searching over five years (2010-2015). Included were trials with at least three months of follow-up and the assessment of the effects of exercise interventions as a rehabilitation program component for patients with HF. Results: Seven clinical trials were included with 4000 participants, predominantly with reduced ejection fraction (≤ 50%) and clinical class II and III by the New York Heart Association. The exercise program, as the independent variable, reduced the general and specific risk of hospitalization for heart failure and resulted in a clinically significant improvement in the patients’ quality of life. Studies with univariate meta-regression analysis showed that these benefits were independent of the type, amount of exercise, and duration of follow-up. Conclusion: Within the limits of this review, it was possible to show that improvements in reducing hospitalizations and in health were related to quality of life based on the engagement of HF patients in supervised exercise programs and appear to be consistent in all patients, regardless of the program’s features and can increase life expectancy </subfield>
</datafield>
<datafield tag="260" ind1=" " ind2=" ">
<subfield code="b">Faculdade de Medicina, Universidade de São Paulo</subfield>
</datafield>
<dataField tag="260" ind1=" " ind2=" ">
<subfield code="c">2016-03-07 00:00:00</subfield>
</dataField>   <datafield tag="856" ind1=" " ind2=" ">
<subfield code="q">application/pdf</subfield>
</datafield>
<datafield tag="856" ind1=" " ind2=" ">
<subfield code="q">application/pdf</subfield>
</datafield>
<datafield tag="856" ind1="4" ind2="0">
<subfield code="u">https://www.revistas.usp.br/actafisiatrica/article/view/137607</subfield>
</datafield>  <datafield tag="786" ind1="0" ind2=" ">
<subfield code="n">Acta Fisiátrica; v. 23 n. 1 (2016)</subfield>
</datafield>  <datafield tag="546" ind1=" " ind2=" ">
<subfield code="a">eng</subfield>
</datafield>   <datafield tag="540" ind1=" " ind2=" ">
<subfield code="a">Copyright (c) 2016 Acta Fisiátrica</subfield>
</datafield>
</record>
</metadata>
</record>