
<record>
<header>
<identifier>oai:revistas.usp.br:article/137608</identifier>
<datestamp>2019-11-21T20:39:05Z</datestamp>
<setSpec>actafisiatrica:Art.+Rev.</setSpec>
<setSpec>driver</setSpec>
</header>
<metadata>
<record xmlns="http://www.loc.gov/MARC21/slim" xmlns:xsi="http://www.w3.org/2001/XMLSchema-instance" xsi:schemaLocation="http://www.loc.gov/MARC21/slim http://www.loc.gov/standards/marcxml/schema/MARC21slim.xsd">
<leader>     nmb a2200000Iu 4500</leader>
<controlfield tag="008">"160307 2016                        eng  "</controlfield>
<datafield tag="022" ind1="#" ind2="#">
<subfield code="$a">2317-0190</subfield>
</datafield>
<datafield tag="022" ind1="#" ind2="#">
<subfield code="$a">0104-7795</subfield>
</datafield>
<datafield tag="042" ind1=" " ind2=" ">
<subfield code="a">dc</subfield>
</datafield>
<datafield tag="245" ind1="0" ind2="0">
<subfield code="a">Benefício da terapia de ondas de choque no tratamento de úlceras cutâneas: uma revisão da literatura</subfield>
</datafield>  <datafield tag="720" ind1="1" ind2=" ">
<subfield code="a">Pai, Marcus Yu Bin</subfield>
<subfield code="u">Universidade de São Paulo. Faculdade de Medicina. Hospital das Clínicas. Instituto de Medicina Física e Reabilitação</subfield></datafield>
<datafield tag="720" ind1="1" ind2=" ">
<subfield code="a">Toma, Juliana Takiguti</subfield>
<subfield code="u">Universidade de São Paulo. Faculdade de Medicina. Hospital das Clínicas. Instituto de Medicina Física e Reabilitação</subfield></datafield>
<datafield tag="720" ind1="1" ind2=" ">
<subfield code="a">Rampim, Danielle Bianchini</subfield>
<subfield code="u">Universidade de São Paulo. Faculdade de Medicina. Hospital das Clínicas. Instituto de Medicina Física e Reabilitação</subfield></datafield>
<datafield tag="720" ind1="1" ind2=" ">
<subfield code="a">Imamura, Marta</subfield>
<subfield code="u">Universidade de São Paulo. Faculdade de Medicina. Hospital das Clínicas. Instituto de Medicina Física e Reabilitação</subfield><subfield code="0">https://orcid.org/0000-0003-0355-9697</subfield></datafield>
<datafield tag="720" ind1="1" ind2=" ">
<subfield code="a">Battistella, Linamara Rizzo</subfield>
<subfield code="u">Universidade de São Paulo. Faculdade de Medicina. Departamento de Medicina Legal, Ética Médica, Medicina Social e do Trabalho</subfield><subfield code="0">https://orcid.org/0000-0001-5275-0733</subfield></datafield>
<datafield tag="520" ind1=" " ind2=" ">
<subfield code="a"> A terapia de ondas de choque (TOC) extracorpórea possui ação analgésica e anti-inflamatória. Com a evolução e compreensão de seus mecanismos físicos e biológicos, foi se estudando a sua aplicação em outras patologias, principalmente em afecções ósseas e musculo-tendíneas. Recentemente, estudos em modelos animais demonstraram a sua capacidade angiogênica e maior taxa de re-epitelização local. Estas pesquisas levaram ao início do uso de TOC radial de baixa energia no tratamento e manejo de diversas lesões de pele de difícil tratamento. As úlceras cutâneas possuem diversas etiologias, variando desde úlceras de pressão, queimaduras, úlceras venosas ou arteriais e também úlceras diabéticas. Seu tratamento é um desafio, devido ao seu tempo prolongado de tratamento (resultando em dificuldades quanto ao seguimento clínico) e também elevados custos. Objetivo: Avaliar a eficácia da TOC na cicatrização de úlceras de diversas etiologias: diabéticas, por pressão, queimaduras, pós-traumáticas, vasculares venosas e arteriais, por meio de uma revisão da literatura. Métodos: Foi realizada uma revisão da literatura, sendo incluídos estudos clínicos em humanos Resultados: 9 artigos preencheram os critérios de inclusão. Os estudos inclusos compreenderam 788 pacientes. Os manuscritos trouxeram uma variedade de padrão de intervenções diferentes. Houve heterogeneidade no tempo de intervenção, número de pulsos e na frequência de sessões, bem como na quantidade de sessões, densidade de energia aplicada, e também no tipo de ondas de choque utilizados nas terapias. Alguns dos trabalhos descritos encontraram uma maior taxa na cicatrização e fechamento completo de lesões em pacientes com lesões crônicas, que não responderam ao tratamento conservador. Porém, há poucos estudos na literatura com qualidade metodológica adequada. Conclusão: A TOC surge como uma alternativa promissora para pacientes que não respondem bem à terapia conservadora. Os resultados são promissores porém com evidências limitadas quanto a diminuição do tempo de cicatrização e na aceleração do fechamento de lesões. Os estudos selecionados não relataram efeitos colaterais significativos, sendo uma terapia segura </subfield>
</datafield>
<datafield tag="260" ind1=" " ind2=" ">
<subfield code="b">Faculdade de Medicina, Universidade de São Paulo</subfield>
</datafield>
<dataField tag="260" ind1=" " ind2=" ">
<subfield code="c">2016-03-07 00:00:00</subfield>
</dataField>   <datafield tag="856" ind1=" " ind2=" ">
<subfield code="q">application/pdf</subfield>
</datafield>
<datafield tag="856" ind1=" " ind2=" ">
<subfield code="q">application/pdf</subfield>
</datafield>
<datafield tag="856" ind1="4" ind2="0">
<subfield code="u">https://www.revistas.usp.br/actafisiatrica/article/view/137608</subfield>
</datafield>  <datafield tag="786" ind1="0" ind2=" ">
<subfield code="n">Acta Fisiátrica; v. 23 n. 1 (2016)</subfield>
</datafield>  <datafield tag="546" ind1=" " ind2=" ">
<subfield code="a">por</subfield>
</datafield>   <datafield tag="540" ind1=" " ind2=" ">
<subfield code="a">Copyright (c) 2016 Acta Fisiátrica</subfield>
</datafield>
</record>
</metadata>
</record>