
<record>
<header>
<identifier>oai:revistas.usp.br:article/137611</identifier>
<datestamp>2019-11-21T20:39:05Z</datestamp>
<setSpec>actafisiatrica:Rel.+Caso</setSpec>
<setSpec>driver</setSpec>
</header>
<metadata>
<record xmlns="http://www.loc.gov/MARC21/slim" xmlns:xsi="http://www.w3.org/2001/XMLSchema-instance" xsi:schemaLocation="http://www.loc.gov/MARC21/slim http://www.loc.gov/standards/marcxml/schema/MARC21slim.xsd">
<leader>     nmb a2200000Iu 4500</leader>
<controlfield tag="008">"160307 2016                        eng  "</controlfield>
<datafield tag="022" ind1="#" ind2="#">
<subfield code="$a">2317-0190</subfield>
</datafield>
<datafield tag="022" ind1="#" ind2="#">
<subfield code="$a">0104-7795</subfield>
</datafield>
<datafield tag="042" ind1=" " ind2=" ">
<subfield code="a">dc</subfield>
</datafield>
<datafield tag="245" ind1="0" ind2="0">
<subfield code="a">Aplicação do Core Set resumido da CIF-CJ para paralisia cerebral em uma criança em idade escolar</subfield>
</datafield>  <datafield tag="720" ind1="1" ind2=" ">
<subfield code="a">Oliveira, Rafaela Pichini de</subfield>
<subfield code="u">Universidade de São Paulo. Faculdade de Medicina de Ribeirão Preto. Hospital das Clínicas</subfield></datafield>
<datafield tag="720" ind1="1" ind2=" ">
<subfield code="a">Caldas, Carla Andrea Cardoso Tanuri</subfield>
<subfield code="u">Universidade de São Paulo. Faculdade de Medicina de Ribeirão Preto. Hospital das Clínicas</subfield></datafield>
<datafield tag="720" ind1="1" ind2=" ">
<subfield code="a">Riberto, Marcelo</subfield>
<subfield code="0">https://orcid.org/0000-0001-9549-8830</subfield></datafield>
<datafield tag="520" ind1=" " ind2=" ">
<subfield code="a"> The development of the ICF Core Sets for Children and Youth with cerebral palsy (ICF-CY - CP) was published in June 2014. We describe the application of the brief core set on a 9-year-old child, in order to propose available methods and improve its applicability in clinical practice. For items that could not be described by standardized methods, we asked the patient and his family simple and objective questions. By applying the ICF-CY-CP brief core set we could demonstrate data that described the patient´s functionality objectively, as well as how contextual factors act. We concluded that the routine evaluation of these children could be expressed in a language that allows comparison and reporting for clinical, administrative, and epidemiological purposes </subfield>
</datafield>
<datafield tag="260" ind1=" " ind2=" ">
<subfield code="b">Faculdade de Medicina, Universidade de São Paulo</subfield>
</datafield>
<dataField tag="260" ind1=" " ind2=" ">
<subfield code="c">2016-03-07 00:00:00</subfield>
</dataField>   <datafield tag="856" ind1=" " ind2=" ">
<subfield code="q">application/pdf</subfield>
</datafield>
<datafield tag="856" ind1=" " ind2=" ">
<subfield code="q">application/pdf</subfield>
</datafield>
<datafield tag="856" ind1="4" ind2="0">
<subfield code="u">https://www.revistas.usp.br/actafisiatrica/article/view/137611</subfield>
</datafield>  <datafield tag="786" ind1="0" ind2=" ">
<subfield code="n">Acta Fisiátrica; v. 23 n. 1 (2016)</subfield>
</datafield>  <datafield tag="546" ind1=" " ind2=" ">
<subfield code="a">eng</subfield>
</datafield>   <datafield tag="540" ind1=" " ind2=" ">
<subfield code="a">Copyright (c) 2016 Acta Fisiátrica</subfield>
</datafield>
</record>
</metadata>
</record>