
<record>
<header>
<identifier>oai:revistas.usp.br:article/137613</identifier>
<datestamp>2019-09-24T14:44:55Z</datestamp>
<setSpec>actafisiatrica:Art.+Orig.</setSpec>
<setSpec>driver</setSpec>
</header>
<metadata>
<record xmlns="http://www.loc.gov/MARC21/slim" xmlns:xsi="http://www.w3.org/2001/XMLSchema-instance" xsi:schemaLocation="http://www.loc.gov/MARC21/slim http://www.loc.gov/standards/marcxml/schema/MARC21slim.xsd">
<leader>     nmb a2200000Iu 4500</leader>
<controlfield tag="008">"160611 2016                        eng  "</controlfield>
<datafield tag="022" ind1="#" ind2="#">
<subfield code="$a">2317-0190</subfield>
</datafield>
<datafield tag="022" ind1="#" ind2="#">
<subfield code="$a">0104-7795</subfield>
</datafield>
<datafield tag="042" ind1=" " ind2=" ">
<subfield code="a">dc</subfield>
</datafield>
<datafield tag="245" ind1="0" ind2="0">
<subfield code="a">Impacto de um programa estruturado de hidrocinesioterapia em pacientes com osteoartrite de joelho</subfield>
</datafield>  <datafield tag="720" ind1="1" ind2=" ">
<subfield code="a">Kümpel, Claudia</subfield>
<subfield code="u">Centro Universitário Adventista de São Paulo</subfield></datafield>
<datafield tag="720" ind1="1" ind2=" ">
<subfield code="a">Saadeddine, Islam</subfield>
<subfield code="u">Centro Universitário Adventista de São Paulo</subfield></datafield>
<datafield tag="720" ind1="1" ind2=" ">
<subfield code="a">Porto, Elias Ferreira</subfield>
<subfield code="u">Centro Universitário Adventista de São Paulo</subfield></datafield>
<datafield tag="720" ind1="1" ind2=" ">
<subfield code="a">Borba, Renata Gomes</subfield>
<subfield code="u">Centro Universitário Adventista de São Paulo</subfield></datafield>
<datafield tag="720" ind1="1" ind2=" ">
<subfield code="a">Castro, Antônio Adolfo Mattos de</subfield>
<subfield code="u">Universidade Federal do Pampa</subfield></datafield>
<datafield tag="520" ind1=" " ind2=" ">
<subfield code="a"> Osteoarthritis is a pervasive, chronic rheumatic, multifactorial, degenerative joint disease, afflicting 10% of the population over 65 years of age. It affects both genders, and in women the incidence is higher after menopause. This disease comprises 65% of the causes of disability, exceeded only by cardiovascular and mental disorders. The rehabilitation of patients with osteoarthritis is a complex process that involves specialized procedures Objective: To evaluate the effects of a hydrotherapy program on the ability to perform activities of daily living in patients with osteoarthritis. Method: This is a prospective study where twenty-six patients with knee osteoarthritis history underwent a treatment program in aquatic therapy, often twice a week lasting 50 minutes each session. The program consisted of four phases, namely: warming up, stretching, strengthening, and relaxation. These patients were evaluated before and after treatment. Assessments were done with the goniometer, EVA pain scale, and Six Minute Walk Test. Results: There was significant improvement in range of motion when performing flexion of the affected knees, as well as a significant decrease in pain and a significant improvement in the ability to perform the activities of daily living, assessed by the distance walked in the six-minute walk test. Conclusion: There was an improved ability to perform ADLs and inn physical capacity, as well as reduced pain and increased range of motion </subfield>
</datafield>
<datafield tag="260" ind1=" " ind2=" ">
<subfield code="b">Faculdade de Medicina, Universidade de São Paulo</subfield>
</datafield>
<dataField tag="260" ind1=" " ind2=" ">
<subfield code="c">2016-06-11 00:00:00</subfield>
</dataField>   <datafield tag="856" ind1=" " ind2=" ">
<subfield code="q">application/pdf</subfield>
</datafield>
<datafield tag="856" ind1=" " ind2=" ">
<subfield code="q">application/pdf</subfield>
</datafield>
<datafield tag="856" ind1="4" ind2="0">
<subfield code="u">https://www.revistas.usp.br/actafisiatrica/article/view/137613</subfield>
</datafield>  <datafield tag="786" ind1="0" ind2=" ">
<subfield code="n">Acta Fisiátrica; v. 23 n. 2 (2016)</subfield>
</datafield>  <datafield tag="546" ind1=" " ind2=" ">
<subfield code="a">eng</subfield>
</datafield>   <datafield tag="540" ind1=" " ind2=" ">
<subfield code="a">Copyright (c) 2016 Acta Fisiátrica</subfield>
</datafield>
</record>
</metadata>
</record>