
<record>
<header>
<identifier>oai:revistas.usp.br:article/137614</identifier>
<datestamp>2019-09-24T14:49:15Z</datestamp>
<setSpec>actafisiatrica:Art.+Orig.</setSpec>
<setSpec>driver</setSpec>
</header>
<metadata>
<record xmlns="http://www.loc.gov/MARC21/slim" xmlns:xsi="http://www.w3.org/2001/XMLSchema-instance" xsi:schemaLocation="http://www.loc.gov/MARC21/slim http://www.loc.gov/standards/marcxml/schema/MARC21slim.xsd">
<leader>     nmb a2200000Iu 4500</leader>
<controlfield tag="008">"160611 2016                        eng  "</controlfield>
<datafield tag="022" ind1="#" ind2="#">
<subfield code="$a">2317-0190</subfield>
</datafield>
<datafield tag="022" ind1="#" ind2="#">
<subfield code="$a">0104-7795</subfield>
</datafield>
<datafield tag="042" ind1=" " ind2=" ">
<subfield code="a">dc</subfield>
</datafield>
<datafield tag="245" ind1="0" ind2="0">
<subfield code="a">Perfil social do paciente amputado em processo de reabilitação</subfield>
</datafield>  <datafield tag="720" ind1="1" ind2=" ">
<subfield code="a">Lima, Laís Batista de</subfield>
<subfield code="u">Universidade de São Paulo. Faculdade de Medicina. Hospital das Clínicas</subfield></datafield>
<datafield tag="720" ind1="1" ind2=" ">
<subfield code="a">Correia, Viviane Duarte</subfield>
<subfield code="u">Universidade de São Paulo. Faculdade de Medicina. Hospital das Clínicas</subfield></datafield>
<datafield tag="720" ind1="1" ind2=" ">
<subfield code="a">Salimene, Arlete Camargo de Melo</subfield>
<subfield code="u">Universidade de São Paulo. Faculdade de Medicina. Hospital das Clínicas</subfield></datafield>
<datafield tag="520" ind1=" " ind2=" ">
<subfield code="a"> Considerations about amputee patients need to go beyond their physical rehabilitation. As an integral process, rehabilitation includes the presence of a social worker, which is indispensable during the treatment; this is a professional that provides a way to gradually provide social inclusion considering their new situation. Objective: This study made a social profile of the amputee inpatients who were treated in the Institute of Physical Medicine and Rehabilitation/IMREA, in the city of São Paulo/SP. Methods: This was a retrospective study: quantitative regarding the collection of data, and qualitative as an analysis of the basis of the dialectical materialist perspective. For the development of this study, a sampling of medical records between November 2014 and July 2015 was surveyed. Results: Information was collected coming from Social Assessment institutional protocol, a professional operating and technical tool, such as age; sex; marital status; per capita income; region of origin; level of education; social security benefits, and whether they had access to rehabilitation treatment elsewhere. Conclusion: This work highlights the importance of professional social work as part of the interdisciplinary team in the process of rehabilitation of the amputee, thus enabling one to know the individual in his entirety. </subfield>
</datafield>
<datafield tag="260" ind1=" " ind2=" ">
<subfield code="b">Faculdade de Medicina, Universidade de São Paulo</subfield>
</datafield>
<dataField tag="260" ind1=" " ind2=" ">
<subfield code="c">2016-06-11 00:00:00</subfield>
</dataField>   <datafield tag="856" ind1=" " ind2=" ">
<subfield code="q">application/pdf</subfield>
</datafield>
<datafield tag="856" ind1=" " ind2=" ">
<subfield code="q">application/pdf</subfield>
</datafield>
<datafield tag="856" ind1="4" ind2="0">
<subfield code="u">https://www.revistas.usp.br/actafisiatrica/article/view/137614</subfield>
</datafield>  <datafield tag="786" ind1="0" ind2=" ">
<subfield code="n">Acta Fisiátrica; v. 23 n. 2 (2016)</subfield>
</datafield>  <datafield tag="546" ind1=" " ind2=" ">
<subfield code="a">eng</subfield>
</datafield>   <datafield tag="540" ind1=" " ind2=" ">
<subfield code="a">Copyright (c) 2016 Acta Fisiátrica</subfield>
</datafield>
</record>
</metadata>
</record>