
<record>
<header>
<identifier>oai:revistas.usp.br:article/137615</identifier>
<datestamp>2019-12-02T20:31:18Z</datestamp>
<setSpec>actafisiatrica:Art.+Orig.</setSpec>
<setSpec>driver</setSpec>
</header>
<metadata>
<record xmlns="http://www.loc.gov/MARC21/slim" xmlns:xsi="http://www.w3.org/2001/XMLSchema-instance" xsi:schemaLocation="http://www.loc.gov/MARC21/slim http://www.loc.gov/standards/marcxml/schema/MARC21slim.xsd">
<leader>     nmb a2200000Iu 4500</leader>
<controlfield tag="008">"160611 2016                        eng  "</controlfield>
<datafield tag="022" ind1="#" ind2="#">
<subfield code="$a">2317-0190</subfield>
</datafield>
<datafield tag="022" ind1="#" ind2="#">
<subfield code="$a">0104-7795</subfield>
</datafield>
<datafield tag="042" ind1=" " ind2=" ">
<subfield code="a">dc</subfield>
</datafield>
<datafield tag="245" ind1="0" ind2="0">
<subfield code="a">Serviço de nutrição em reabilitação física: perfil epidemiológico de pacientes em atendimento ambulatorial</subfield>
</datafield>  <datafield tag="720" ind1="1" ind2=" ">
<subfield code="a">Souto, Tayane dos Santos</subfield>
<subfield code="u">Universidade de São Paulo. Faculdade de Medicina. Hospital das Clínicas. Instituto de Medicina Física e Reabilitação</subfield></datafield>
<datafield tag="720" ind1="1" ind2=" ">
<subfield code="a">Lopes, Rosana Aparecida de Freitas</subfield>
<subfield code="u">Universidade de São Paulo. Faculdade de Medicina. Hospital das Clínicas. Instituto de Medicina Física e Reabilitação</subfield></datafield>
<datafield tag="520" ind1=" " ind2=" ">
<subfield code="a"> It is estimated that one person in ten has a deficiency, which is 10% of the world’s population. The most common causes of physical disability are amputation, stroke, head trauma, spinal cord injury, fibromyalgia, and neurodegenerative diseases. Objective: This study sought to describe the profile of patients served by the nutrition service at the Instituto de Medicina Física e Reabilitação (IMREA) - Vila Mariana Unit, São Paulo, between February 2012 and September 2015. Method: This is a descriptive study whose data were obtained from medical records of visits where the following data were collected: gender, age, service personnel, associated diseases, initial and final body mass index, and initial and final bowel habits. Results: The studied population was predominantly female; young adult; main etiology of brain damage; diagnosed hypertension associated in most cases; and mostly overweight. Conclusion: Observed significant improvement in bowel habits after nutrition education program. </subfield>
</datafield>
<datafield tag="260" ind1=" " ind2=" ">
<subfield code="b">Faculdade de Medicina, Universidade de São Paulo</subfield>
</datafield>
<dataField tag="260" ind1=" " ind2=" ">
<subfield code="c">2016-06-11 00:00:00</subfield>
</dataField>   <datafield tag="856" ind1=" " ind2=" ">
<subfield code="q">application/pdf</subfield>
</datafield>
<datafield tag="856" ind1=" " ind2=" ">
<subfield code="q">application/pdf</subfield>
</datafield>
<datafield tag="856" ind1="4" ind2="0">
<subfield code="u">https://www.revistas.usp.br/actafisiatrica/article/view/137615</subfield>
</datafield>  <datafield tag="786" ind1="0" ind2=" ">
<subfield code="n">Acta Fisiátrica; v. 23 n. 2 (2016)</subfield>
</datafield>  <datafield tag="546" ind1=" " ind2=" ">
<subfield code="a">eng</subfield>
</datafield>   <datafield tag="540" ind1=" " ind2=" ">
<subfield code="a">Copyright (c) 2016 Acta Fisiátrica</subfield>
</datafield>
</record>
</metadata>
</record>