
<record>
<header>
<identifier>oai:revistas.usp.br:article/137616</identifier>
<datestamp>2019-09-24T15:02:49Z</datestamp>
<setSpec>actafisiatrica:Art.+Orig.</setSpec>
<setSpec>driver</setSpec>
</header>
<metadata>
<record xmlns="http://www.loc.gov/MARC21/slim" xmlns:xsi="http://www.w3.org/2001/XMLSchema-instance" xsi:schemaLocation="http://www.loc.gov/MARC21/slim http://www.loc.gov/standards/marcxml/schema/MARC21slim.xsd">
<leader>     nmb a2200000Iu 4500</leader>
<controlfield tag="008">"160611 2016                        eng  "</controlfield>
<datafield tag="022" ind1="#" ind2="#">
<subfield code="$a">2317-0190</subfield>
</datafield>
<datafield tag="022" ind1="#" ind2="#">
<subfield code="$a">0104-7795</subfield>
</datafield>
<datafield tag="042" ind1=" " ind2=" ">
<subfield code="a">dc</subfield>
</datafield>
<datafield tag="245" ind1="0" ind2="0">
<subfield code="a">Validade discriminante do protocolo do desempenho funcional e social de crianças com paralisia cerebral</subfield>
</datafield>  <datafield tag="720" ind1="1" ind2=" ">
<subfield code="a">Zampieri, Livia Marcello</subfield>
</datafield>
<datafield tag="720" ind1="1" ind2=" ">
<subfield code="a">Santos, Jair Lício dos</subfield>
<subfield code="u">Universidade de São Paulo. Faculdade de Medicina de Ribeirão Preto</subfield></datafield>
<datafield tag="720" ind1="1" ind2=" ">
<subfield code="a">Pfeifer, Luzia Iara</subfield>
<subfield code="u">Universidade de São Paulo. Faculdade de Medicina de Ribeirão Preto. Departamento de Neurociências e Ciências do Comportamento, Divisão de Terapia Ocupacional</subfield></datafield>
<datafield tag="520" ind1=" " ind2=" ">
<subfield code="a"> Cerebral Palsy (CP) encompasses a group of permanent disorders of movement and posture development, attributed to non-progressive damage that occurs during fetal development or in the infant brain. As consequences to the motor skills, there can occur impairments in daily life abilities, interfering in independent ambulation, hygiene, and clothing care, but also in social, behavioral, and cognitive activities, causing a negative impact on the health and welfare of the child and its family. The International Classification of Functioning, Disability, and Health (ICF) is a classification system on functioning and disability and, because it is an extensive and complex classification, there is the possibility of grouping the more relevant codes for distinctive disorders forming the Core Sets. Based upon this idea an instrument named Protocolo de desempenho Social e Funcional de crianças com Paralisia Cerebral (DFS-PC) (Functional and Social Performance Evaluation Protocol for Children with Cerebral Palsy) was created. Objective: To evaluate the discriminant validity of the DFS-PC protocol to verify whether it is sensitive to the functional performance and social participation of cerebral palsy children when compared to typical development children. Method: It consisted in the application of the Functional and Social Performance Evaluation Protocol for Children with Cerebral Palsy (DFS-PC) to the caregivers of CP children and children with typical development. Results: The DFS-PC was considered sensitive to detect differences between CP children and children with typical development, presenting significant differences in 12 of the 16 domains when using the Mann-Whitney Test. Conclusion: This protocol is considered valid and suitable for use within the population of children with cerebral palsy </subfield>
</datafield>
<datafield tag="260" ind1=" " ind2=" ">
<subfield code="b">Faculdade de Medicina, Universidade de São Paulo</subfield>
</datafield>
<dataField tag="260" ind1=" " ind2=" ">
<subfield code="c">2016-06-11 00:00:00</subfield>
</dataField>   <datafield tag="856" ind1=" " ind2=" ">
<subfield code="q">application/pdf</subfield>
</datafield>
<datafield tag="856" ind1=" " ind2=" ">
<subfield code="q">application/pdf</subfield>
</datafield>
<datafield tag="856" ind1="4" ind2="0">
<subfield code="u">https://www.revistas.usp.br/actafisiatrica/article/view/137616</subfield>
</datafield>  <datafield tag="786" ind1="0" ind2=" ">
<subfield code="n">Acta Fisiátrica; v. 23 n. 2 (2016)</subfield>
</datafield>  <datafield tag="546" ind1=" " ind2=" ">
<subfield code="a">eng</subfield>
</datafield>   <datafield tag="540" ind1=" " ind2=" ">
<subfield code="a">Copyright (c) 2016 Acta Fisiátrica</subfield>
</datafield>
</record>
</metadata>
</record>