
<record>
<header>
<identifier>oai:revistas.usp.br:article/137617</identifier>
<datestamp>2019-09-24T15:11:55Z</datestamp>
<setSpec>actafisiatrica:Art.+Orig.</setSpec>
<setSpec>driver</setSpec>
</header>
<metadata>
<record xmlns="http://www.loc.gov/MARC21/slim" xmlns:xsi="http://www.w3.org/2001/XMLSchema-instance" xsi:schemaLocation="http://www.loc.gov/MARC21/slim http://www.loc.gov/standards/marcxml/schema/MARC21slim.xsd">
<leader>     nmb a2200000Iu 4500</leader>
<controlfield tag="008">"160611 2016                        eng  "</controlfield>
<datafield tag="022" ind1="#" ind2="#">
<subfield code="$a">2317-0190</subfield>
</datafield>
<datafield tag="022" ind1="#" ind2="#">
<subfield code="$a">0104-7795</subfield>
</datafield>
<datafield tag="042" ind1=" " ind2=" ">
<subfield code="a">dc</subfield>
</datafield>
<datafield tag="245" ind1="0" ind2="0">
<subfield code="a">Limiar de tolerância de dor à pressão, estilo de vida, força muscular e capacidade funcional em idosas com sarcopenia</subfield>
</datafield>  <datafield tag="720" ind1="1" ind2=" ">
<subfield code="a">Lima, Alessandra Rodrigues Souto</subfield>
<subfield code="u">Centro Universitário Adventista de São Paulo</subfield></datafield>
<datafield tag="720" ind1="1" ind2=" ">
<subfield code="a">Portes, Leslie Andrews</subfield>
<subfield code="u">Centro Universitário Adventista de São Paulo</subfield></datafield>
<datafield tag="720" ind1="1" ind2=" ">
<subfield code="a">Oliveira, Natália Cristina de</subfield>
<subfield code="u">Centro Universitário Adventista de São Paulo</subfield></datafield>
<datafield tag="720" ind1="1" ind2=" ">
<subfield code="a">Alfieri, Fábio Marcon</subfield>
<subfield code="u">Centro Universitário Adventista de São Paulo</subfield></datafield>
<datafield tag="520" ind1=" " ind2=" ">
<subfield code="a"> Objective: The present study sought to assess the impact of this condition on muscle strength, functional capacity, lifestyle, and the pressure pain threshold. Methods: Elderly people considered healthy (n = 75) aged 60-75 years (66.8 ± 4.6 years) were studied in an observational and crosssectional design. Those who registered pain above 4 on the Visual Analogue Scale (VAS) and used analgesic and/or anti-inflammatory medication were excluded from the study. Body composition and presence of sarcopenia were evaluated by bioelectric impedance. Two groups were formed: CO - control group (n = 51) and SARC - sarcopenic group (n = 24, muscle mass index less than 6.86 kg/m2 ). Results: Functional capacity was determined by the 6-minute walk test (6MWT); handgrip strength and elbow flexion strength were both determined by dynamometry. Lifestyle was assessed by the FANTASTIC questionnaire. The pressure pain threshold was determined by algometry. Data were analyzed using the Student’s t-test (p &lt; 0.05). CO and SARC did not differ regarding age, body fat percentage, lifestyle, 6MWT, elbow flexion strength, or in algometry measurements at almost any point. However, statistically significant differences between groups were found regarding handgrip strength and algometry in the right insertion of the biceps. Conclusion: Elderly women with significant reduction of muscle mass do not present impairments in functionality or in the sensation of muscle and tendon pain, probably due to a pre-sarcopenic condition </subfield>
</datafield>
<datafield tag="260" ind1=" " ind2=" ">
<subfield code="b">Faculdade de Medicina, Universidade de São Paulo</subfield>
</datafield>
<dataField tag="260" ind1=" " ind2=" ">
<subfield code="c">2016-06-11 00:00:00</subfield>
</dataField>   <datafield tag="856" ind1=" " ind2=" ">
<subfield code="q">application/pdf</subfield>
</datafield>
<datafield tag="856" ind1=" " ind2=" ">
<subfield code="q">application/pdf</subfield>
</datafield>
<datafield tag="856" ind1="4" ind2="0">
<subfield code="u">https://www.revistas.usp.br/actafisiatrica/article/view/137617</subfield>
</datafield>  <datafield tag="786" ind1="0" ind2=" ">
<subfield code="n">Acta Fisiátrica; v. 23 n. 2 (2016)</subfield>
</datafield>  <datafield tag="546" ind1=" " ind2=" ">
<subfield code="a">eng</subfield>
</datafield>   <datafield tag="540" ind1=" " ind2=" ">
<subfield code="a">Copyright (c) 2016 Acta Fisiátrica</subfield>
</datafield>
</record>
</metadata>
</record>