
<record>
<header>
<identifier>oai:revistas.usp.br:article/137620</identifier>
<datestamp>2019-09-24T16:48:41Z</datestamp>
<setSpec>actafisiatrica:Art.+Orig.</setSpec>
<setSpec>driver</setSpec>
</header>
<metadata>
<record xmlns="http://www.loc.gov/MARC21/slim" xmlns:xsi="http://www.w3.org/2001/XMLSchema-instance" xsi:schemaLocation="http://www.loc.gov/MARC21/slim http://www.loc.gov/standards/marcxml/schema/MARC21slim.xsd">
<leader>     nmb a2200000Iu 4500</leader>
<controlfield tag="008">"160611 2016                        eng  "</controlfield>
<datafield tag="022" ind1="#" ind2="#">
<subfield code="$a">2317-0190</subfield>
</datafield>
<datafield tag="022" ind1="#" ind2="#">
<subfield code="$a">0104-7795</subfield>
</datafield>
<datafield tag="042" ind1=" " ind2=" ">
<subfield code="a">dc</subfield>
</datafield>
<datafield tag="245" ind1="0" ind2="0">
<subfield code="a">Quedas e fatores associados em idosos trabalhadores de uma instituição de ensino superior</subfield>
</datafield>  <datafield tag="720" ind1="1" ind2=" ">
<subfield code="a">Gonçalves, Soraya Geha</subfield>
</datafield>
<datafield tag="720" ind1="1" ind2=" ">
<subfield code="a">Lavado, Edson Lopes</subfield>
<subfield code="u">Universidade Estadual de Londrina. Departamento de Fisioterapia</subfield></datafield>
<datafield tag="720" ind1="1" ind2=" ">
<subfield code="a">Trelha, Celita Salmaso</subfield>
<subfield code="u">Universidade Estadual de Londrina. Departamento de Fisioterapia</subfield></datafield>
<datafield tag="520" ind1=" " ind2=" ">
<subfield code="a"> Objective: To analyze factors associated with falls among older workers in a public university. Methods: Cross-sectional study, with workers aged 60 or more. A structured questionnaire was used to cover socio-demographic and occupational characteristics and the occurrence of falls over the last 12 months. Instruments used: Geriatric Depression Scale, Pittsburgh Sleep Quality Index, International Physical Activity Questionnaire, Timed Up and Go Test (TUG), Sitting-Rising Test (SRT), Gait Speed, Static Balance, and Grip strength. Results: The study included 254 older workers, 76% belonged to the age group between 60-64 years and 58.7% were male. The sample was divided into two groups, fallers and non-fallers, and the prevalence of falls over the last twelve months was 21.3% ± 2.72 (95% CI = 15.92-26.58). There was a significant association between falls and gender (p = 0.043), hospitalization over the last 12 months (p = 0.000), and gait speed (p = 0.007). In the Poisson regression model the three variables remained associated with falling: male gender (PRaj = 0.62, CI = 95% 0.40-0.98); suitable gait speed (PRaj = 0.46, CI = 95% 0.26-0.81), and hospitalization over the last 12 months (PRaj = 2.79, CI = 95% 1.80-4.32). Conclusion: The study identified a lower prevalence of falls in this group and found a positive relationship between work and the aging process, which proves that seniors who keep on working are healthier than the general population of the elderly </subfield>
</datafield>
<datafield tag="260" ind1=" " ind2=" ">
<subfield code="b">Faculdade de Medicina, Universidade de São Paulo</subfield>
</datafield>
<dataField tag="260" ind1=" " ind2=" ">
<subfield code="c">2016-06-11 00:00:00</subfield>
</dataField>   <datafield tag="856" ind1=" " ind2=" ">
<subfield code="q">application/pdf</subfield>
</datafield>
<datafield tag="856" ind1=" " ind2=" ">
<subfield code="q">application/pdf</subfield>
</datafield>
<datafield tag="856" ind1="4" ind2="0">
<subfield code="u">https://www.revistas.usp.br/actafisiatrica/article/view/137620</subfield>
</datafield>  <datafield tag="786" ind1="0" ind2=" ">
<subfield code="n">Acta Fisiátrica; v. 23 n. 2 (2016)</subfield>
</datafield>  <datafield tag="546" ind1=" " ind2=" ">
<subfield code="a">eng</subfield>
</datafield>   <datafield tag="540" ind1=" " ind2=" ">
<subfield code="a">Copyright (c) 2016 Acta Fisiátrica</subfield>
</datafield>
</record>
</metadata>
</record>