
<record>
<header>
<identifier>oai:revistas.usp.br:article/137623</identifier>
<datestamp>2019-09-24T17:00:07Z</datestamp>
<setSpec>actafisiatrica:Art.+Orig.</setSpec>
<setSpec>driver</setSpec>
</header>
<metadata>
<record xmlns="http://www.loc.gov/MARC21/slim" xmlns:xsi="http://www.w3.org/2001/XMLSchema-instance" xsi:schemaLocation="http://www.loc.gov/MARC21/slim http://www.loc.gov/standards/marcxml/schema/MARC21slim.xsd">
<leader>     nmb a2200000Iu 4500</leader>
<controlfield tag="008">"160611 2016                        eng  "</controlfield>
<datafield tag="022" ind1="#" ind2="#">
<subfield code="$a">2317-0190</subfield>
</datafield>
<datafield tag="022" ind1="#" ind2="#">
<subfield code="$a">0104-7795</subfield>
</datafield>
<datafield tag="042" ind1=" " ind2=" ">
<subfield code="a">dc</subfield>
</datafield>
<datafield tag="245" ind1="0" ind2="0">
<subfield code="a">Qualidade de vida de pessoas com doença de Parkinson após o tratamento com realidade virtual não imersiva</subfield>
</datafield>  <datafield tag="720" ind1="1" ind2=" ">
<subfield code="a">Sanguinet, Danielle Carneiro de Menezes</subfield>
<subfield code="u">Universidade Federal de Pernambuco. Departamento de Terapia Ocupacional</subfield></datafield>
<datafield tag="720" ind1="1" ind2=" ">
<subfield code="a">Coriolano, Maria das Graças Wanderley de Sales</subfield>
<subfield code="u">Universidade Federal de Pernambuco. Departamento de Anatomia</subfield></datafield>
<datafield tag="720" ind1="1" ind2=" ">
<subfield code="a">Santana, Charleny Mary Ferreira de</subfield>
<subfield code="u">Universidade Federal de Pernambuco</subfield></datafield>
<datafield tag="720" ind1="1" ind2=" ">
<subfield code="a">Ângelo, Thaisa Damasceno de Albuquerque</subfield>
<subfield code="u">Universidade Federal de Pernambuco</subfield></datafield>
<datafield tag="720" ind1="1" ind2=" ">
<subfield code="a">Silva, Juliana Patrícia de Araújo</subfield>
<subfield code="u">Universidade Federal de Pernambuco</subfield></datafield>
<datafield tag="720" ind1="1" ind2=" ">
<subfield code="a">Câmara, Sarah Buarque</subfield>
<subfield code="u">Universidade Federal de Pernambuco</subfield></datafield>
<datafield tag="720" ind1="1" ind2=" ">
<subfield code="a">Asano, Amdore Guescel</subfield>
<subfield code="u">Universidade Federal de Pernambuco. Hospital das Clínicas</subfield></datafield>
<datafield tag="720" ind1="1" ind2=" ">
<subfield code="a">Lins, Otávio Gomes</subfield>
<subfield code="u">Universidade Federal de Pernambuco. Departamento de Neuropsiquiatria e Ciências do Comportamento</subfield></datafield>
<datafield tag="520" ind1=" " ind2=" ">
<subfield code="a"> Objective: To analyze the influence of treatment with non-immersive virtual reality games (VR) on the quality of life (QOL) of people with Parkinson’s disease (PD). Methods: Uncontrolled clinical trial using 14 people with PD between stages I and IV of PD. Treatment with NIVR occurred for 6 months, 1 initial assessment and 2 quarterly re-evaluations. The instruments to measure the results were the Parkinson’s Disease Questionnaire (PDQ-39) and a Self-Perception of Performance Questionnaire. The treatment protocol used was Kinect® for Xbox 360, and the following games: Kinect Advenctures®, Your Shape: Fitness Evolved®, and Kinect Sports®. Statistical analysis of the PDQ-39 used the Wilcoxon test (p ≤ 0.05) while the Self-Perception of Performance Questionnaire was analyzed qualitatively for thematic content, identifying six categories. Results: There was a statistically significant difference after 3 months of treatment with the NIVR games in terms of mobility, emotional well-being, stigma, cognition, and total score of the PDQ-39. After 6 months of treatment the results were maintained, but no further gains. However, for a neurodegenerative disease this maintenance of gains is favorable for the functional prognosis of the patients. In the thematic categories, what stood out was an improvement of reports on mobility, activities of daily living, emotional well-being, stigma, and bodily discomfort. Conclusion: Treatment with NIVR benefits QOL of people with PD, especially including mobility, emotional well-being, stigma, and cognition </subfield>
</datafield>
<datafield tag="260" ind1=" " ind2=" ">
<subfield code="b">Faculdade de Medicina, Universidade de São Paulo</subfield>
</datafield>
<dataField tag="260" ind1=" " ind2=" ">
<subfield code="c">2016-06-11 00:00:00</subfield>
</dataField>   <datafield tag="856" ind1=" " ind2=" ">
<subfield code="q">application/pdf</subfield>
</datafield>
<datafield tag="856" ind1=" " ind2=" ">
<subfield code="q">application/pdf</subfield>
</datafield>
<datafield tag="856" ind1="4" ind2="0">
<subfield code="u">https://www.revistas.usp.br/actafisiatrica/article/view/137623</subfield>
</datafield>  <datafield tag="786" ind1="0" ind2=" ">
<subfield code="n">Acta Fisiátrica; v. 23 n. 2 (2016)</subfield>
</datafield>  <datafield tag="546" ind1=" " ind2=" ">
<subfield code="a">eng</subfield>
</datafield>   <datafield tag="540" ind1=" " ind2=" ">
<subfield code="a">Copyright (c) 2016 Acta Fisiátrica</subfield>
</datafield>
</record>
</metadata>
</record>