
<record>
<header>
<identifier>oai:revistas.usp.br:article/137624</identifier>
<datestamp>2019-09-24T17:05:52Z</datestamp>
<setSpec>actafisiatrica:Art.+Rev.</setSpec>
<setSpec>driver</setSpec>
</header>
<metadata>
<record xmlns="http://www.loc.gov/MARC21/slim" xmlns:xsi="http://www.w3.org/2001/XMLSchema-instance" xsi:schemaLocation="http://www.loc.gov/MARC21/slim http://www.loc.gov/standards/marcxml/schema/MARC21slim.xsd">
<leader>     nmb a2200000Iu 4500</leader>
<controlfield tag="008">"160611 2016                        eng  "</controlfield>
<datafield tag="022" ind1="#" ind2="#">
<subfield code="$a">2317-0190</subfield>
</datafield>
<datafield tag="022" ind1="#" ind2="#">
<subfield code="$a">0104-7795</subfield>
</datafield>
<datafield tag="042" ind1=" " ind2=" ">
<subfield code="a">dc</subfield>
</datafield>
<datafield tag="245" ind1="0" ind2="0">
<subfield code="a">Aplicação e efeitos da eletroestimulação neuromuscular na reabilitação da disfagia orofaríngea: revisão de literatura</subfield>
</datafield>  <datafield tag="720" ind1="1" ind2=" ">
<subfield code="a">Borges, Thalyta Georgia Vieira</subfield>
<subfield code="u">Universidade Federal do Rio de Janeiro</subfield></datafield>
<datafield tag="720" ind1="1" ind2=" ">
<subfield code="a">Oliveira, Graziela Muzzo de</subfield>
<subfield code="u">Universidade Federal do Rio de Janeiro</subfield></datafield>
<datafield tag="720" ind1="1" ind2=" ">
<subfield code="a">Rocha, Fernanda Cristina de Oliveira</subfield>
<subfield code="u">Universidade Federal do Rio de Janeiro</subfield></datafield>
<datafield tag="720" ind1="1" ind2=" ">
<subfield code="a">Muniz, Carla Rocha</subfield>
<subfield code="u">Universidade Federal do Rio de Janeiro</subfield></datafield>
<datafield tag="720" ind1="1" ind2=" ">
<subfield code="a">Brendim, Mariana Pinheiro</subfield>
<subfield code="u">Universidade Federal do Rio de Janeiro</subfield></datafield>
<datafield tag="720" ind1="1" ind2=" ">
<subfield code="a">Carvalho, Yonatta Salarini Vieira</subfield>
<subfield code="u">Universidade Federal do Rio de Janeiro</subfield></datafield>
<datafield tag="720" ind1="1" ind2=" ">
<subfield code="a">Marques, Charles Henrique Dias</subfield>
<subfield code="u">Universidade Federal do Rio de Janeiro</subfield></datafield>
<datafield tag="520" ind1=" " ind2=" ">
<subfield code="a"> Objective: To analyze the different methods of Neuromuscular Electrical Stimulation (NMES) in the intervention of oropharyngeal dysphagia. Methods: Review using the descriptors: “deglutition disorders” and “electrical stimulation” in PubMed, BVS, SciELO, and MedLine, from 1997 to 2015. Classified according to the CAPES Integrated System (SiCAPES), PEDro, and Jadad scales. Results: There were 165 articles found, from which 25 were selected according to the theme. Between 2009-2012 there were more publications (60%, n = 15). Case-control was the most reported type of study (28%, n = 7). Most individuals were investigated after a stroke (44%, n = 11). The most popular type of therapy considered NMES at rest and traditional therapy (TT) (28%, n = 8), NMES during swallowing and TT (28%, n = 7), and NMES at rest (24%, n = 3). Vital Stim® was the most cited electrical stimulation device (32%, n = 8). Transcutaneous electrical nerve stimulation was the most reported (76%, n = 19). As to location, electrodes placed on the neck (48%, n = 12) and submental (44%, n = 11) stood out. Electric current commonly used: FES (40%, n = 10) and TENS (24%, n = 6). Fluoroscopy was the prevailing evaluation method (52%, n = 13). For SiCAPES distribution, the greatest number of materials was classified as B2 (36%, n = 9) and A1 (16%, n = 4). On the PEDro scale, the studies mostly scored 11 (24%, n = 6) and 10 (16%, n = 4). Considering the Jadad scale, (24%, n = 6) the studies scored 3 points. Conclusion: A higher prevalence of therapeutic effect on hyolaryngeal complex elevation, an important airway defense mechanism during swallowing, and the use of FES current and electrodes placed on the submental region or neck. Further research is needed, with defined etiological groups, to prove the therapeutic effect in the medium and long term </subfield>
</datafield>
<datafield tag="260" ind1=" " ind2=" ">
<subfield code="b">Faculdade de Medicina, Universidade de São Paulo</subfield>
</datafield>
<dataField tag="260" ind1=" " ind2=" ">
<subfield code="c">2016-06-11 00:00:00</subfield>
</dataField>   <datafield tag="856" ind1=" " ind2=" ">
<subfield code="q">application/pdf</subfield>
</datafield>
<datafield tag="856" ind1=" " ind2=" ">
<subfield code="q">application/pdf</subfield>
</datafield>
<datafield tag="856" ind1="4" ind2="0">
<subfield code="u">https://www.revistas.usp.br/actafisiatrica/article/view/137624</subfield>
</datafield>  <datafield tag="786" ind1="0" ind2=" ">
<subfield code="n">Acta Fisiátrica; v. 23 n. 2 (2016)</subfield>
</datafield>  <datafield tag="546" ind1=" " ind2=" ">
<subfield code="a">eng</subfield>
</datafield>   <datafield tag="540" ind1=" " ind2=" ">
<subfield code="a">Copyright (c) 2016 Acta Fisiátrica</subfield>
</datafield>
</record>
</metadata>
</record>