
<record>
<header>
<identifier>oai:revistas.usp.br:article/137625</identifier>
<datestamp>2019-09-24T17:13:17Z</datestamp>
<setSpec>actafisiatrica:Art.+Rev.</setSpec>
<setSpec>driver</setSpec>
</header>
<metadata>
<record xmlns="http://www.loc.gov/MARC21/slim" xmlns:xsi="http://www.w3.org/2001/XMLSchema-instance" xsi:schemaLocation="http://www.loc.gov/MARC21/slim http://www.loc.gov/standards/marcxml/schema/MARC21slim.xsd">
<leader>     nmb a2200000Iu 4500</leader>
<controlfield tag="008">"160611 2016                        eng  "</controlfield>
<datafield tag="022" ind1="#" ind2="#">
<subfield code="$a">2317-0190</subfield>
</datafield>
<datafield tag="022" ind1="#" ind2="#">
<subfield code="$a">0104-7795</subfield>
</datafield>
<datafield tag="042" ind1=" " ind2=" ">
<subfield code="a">dc</subfield>
</datafield>
<datafield tag="245" ind1="0" ind2="0">
<subfield code="a">O papel da vitamina D na força muscular em idosos</subfield>
</datafield>  <datafield tag="720" ind1="1" ind2=" ">
<subfield code="a">Silva, Patrícia Zambone da</subfield>
<subfield code="u">Pontifícia Universidade Católica do Rio Grande do Sul. Hospital São Lucas</subfield></datafield>
<datafield tag="720" ind1="1" ind2=" ">
<subfield code="a">Schneider, Rodolfo Herberto</subfield>
<subfield code="u">Pontifícia Universidade Católica do Rio Grande do Sul. Hospital São Lucas</subfield></datafield>
<datafield tag="520" ind1=" " ind2=" ">
<subfield code="a"> Vitamin D deficiency is a common condition among the elderly and it is associated with an increased risk of fractures. The condition is common among elderly at higher latitude locations and very common among the institutionalized. Currently there is also evidence that low levels of vitamin D are associated with multiple disorders such as cardiovascular diseases, inflammation, and infectious diseases, among other things. In addition, clinical studies on the elderly have shown that the low vitamin D levels correlate with reduced muscle strength in the lower limbs and poor physical performance. However, suitable levels for maintaining proper muscle function and strength have not yet been established. Objective: To verify recent evidence of the effects of vitamin D on muscle strength in the elderly. Method: A survey of studies published between 2010 and 2014 in Pubmed, Medline, and Scopus using the terms “cholecalciferol”, “muscle strength,” and “elderly.” Results: Seven studies were selected. The results suggest a positive influence of vitamin D on muscle strength in the elderly. Conclusion: This review showed that despite the action of vitamin D on the musculoskeletal system, there is still uncertainty; there tended to be a greater benefit with vitamin D supplementation at higher doses. However, additional studies are needed to define the best therapeutic profile </subfield>
</datafield>
<datafield tag="260" ind1=" " ind2=" ">
<subfield code="b">Faculdade de Medicina, Universidade de São Paulo</subfield>
</datafield>
<dataField tag="260" ind1=" " ind2=" ">
<subfield code="c">2016-06-11 00:00:00</subfield>
</dataField>   <datafield tag="856" ind1=" " ind2=" ">
<subfield code="q">application/pdf</subfield>
</datafield>
<datafield tag="856" ind1=" " ind2=" ">
<subfield code="q">application/pdf</subfield>
</datafield>
<datafield tag="856" ind1="4" ind2="0">
<subfield code="u">https://www.revistas.usp.br/actafisiatrica/article/view/137625</subfield>
</datafield>  <datafield tag="786" ind1="0" ind2=" ">
<subfield code="n">Acta Fisiátrica; v. 23 n. 2 (2016)</subfield>
</datafield>  <datafield tag="546" ind1=" " ind2=" ">
<subfield code="a">eng</subfield>
</datafield>   <datafield tag="540" ind1=" " ind2=" ">
<subfield code="a">Copyright (c) 2016 Acta Fisiátrica</subfield>
</datafield>
</record>
</metadata>
</record>