
<record>
<header>
<identifier>oai:revistas.usp.br:article/137626</identifier>
<datestamp>2019-09-24T17:18:55Z</datestamp>
<setSpec>actafisiatrica:Rel.+Caso</setSpec>
<setSpec>driver</setSpec>
</header>
<metadata>
<record xmlns="http://www.loc.gov/MARC21/slim" xmlns:xsi="http://www.w3.org/2001/XMLSchema-instance" xsi:schemaLocation="http://www.loc.gov/MARC21/slim http://www.loc.gov/standards/marcxml/schema/MARC21slim.xsd">
<leader>     nmb a2200000Iu 4500</leader>
<controlfield tag="008">"160611 2016                        eng  "</controlfield>
<datafield tag="022" ind1="#" ind2="#">
<subfield code="$a">2317-0190</subfield>
</datafield>
<datafield tag="022" ind1="#" ind2="#">
<subfield code="$a">0104-7795</subfield>
</datafield>
<datafield tag="042" ind1=" " ind2=" ">
<subfield code="a">dc</subfield>
</datafield>
<datafield tag="245" ind1="0" ind2="0">
<subfield code="a">Fisioterapia aquática no tratamento de criança com distrofia muscular congênita merosina negativa: relato de caso</subfield>
</datafield>  <datafield tag="720" ind1="1" ind2=" ">
<subfield code="a">Santos, Cinthya Patrícia de Albuquerque</subfield>
<subfield code="u">Associação de Assistência à Criança Deficiente</subfield></datafield>
<datafield tag="720" ind1="1" ind2=" ">
<subfield code="a">Hengles, Ricardo Cristian</subfield>
<subfield code="u">Associação de Assistência à Criança Deficiente</subfield></datafield>
<datafield tag="720" ind1="1" ind2=" ">
<subfield code="a">Cyrillo, Fábio Navarro</subfield>
<subfield code="u">Centro Universitário São Camilo</subfield></datafield>
<datafield tag="720" ind1="1" ind2=" ">
<subfield code="a">Rocco, Fernanda Moraes</subfield>
<subfield code="u">Associação de Assistência à Criança Deficiente</subfield></datafield>
<datafield tag="720" ind1="1" ind2=" ">
<subfield code="a">Braga, Douglas Martins</subfield>
<subfield code="u">Associação de Assistência à Criança Deficiente</subfield></datafield>
<datafield tag="520" ind1=" " ind2=" ">
<subfield code="a"> This case report describes an aquatic therapy program for a child with Merosin-Deficient Congenital Muscular Dystrophy. Objective: This study sought to investigate the effect of aquatic physical therapy on the speed and the rate of energy expenditure while moving around on a flat surface, in addition to the functional reach of the upper limbs suffering from the proximal weakness that affects these patients seeking greater independence. Methods: The Motor Function Measurement (MFM) and the Functional Reach Test (FRT) were used as assessment tools; the Energy Expenditure Index (EEI) was measured in seated locomotion, as well as the time spent, and muscle activation was measured via electromyography (EMG). The program lasted 12 weeks and included activities to improve mobility and agility as well as reaching from the seated position. Results: In the MFM the change in the score of the two dimensions (D2 and D3) that the treatment focused on was 6.8%. The functional reach improved by 16 centimeters (cm) and the amount of time moving while sitting decreased by 19 seconds (s). Energy expenditure decreased by 252.31 beats per minute (bpm). Conclusion: The aquatic physical therapy was effective for agility improvement in seated locomotion and upper limb functionality of a 6-year-old child with Merosin-Deficient Congenital Muscular Dystrophy </subfield>
</datafield>
<datafield tag="260" ind1=" " ind2=" ">
<subfield code="b">Faculdade de Medicina, Universidade de São Paulo</subfield>
</datafield>
<dataField tag="260" ind1=" " ind2=" ">
<subfield code="c">2016-06-11 00:00:00</subfield>
</dataField>   <datafield tag="856" ind1=" " ind2=" ">
<subfield code="q">application/pdf</subfield>
</datafield>
<datafield tag="856" ind1=" " ind2=" ">
<subfield code="q">application/pdf</subfield>
</datafield>
<datafield tag="856" ind1="4" ind2="0">
<subfield code="u">https://www.revistas.usp.br/actafisiatrica/article/view/137626</subfield>
</datafield>  <datafield tag="786" ind1="0" ind2=" ">
<subfield code="n">Acta Fisiátrica; v. 23 n. 2 (2016)</subfield>
</datafield>  <datafield tag="546" ind1=" " ind2=" ">
<subfield code="a">eng</subfield>
</datafield>   <datafield tag="540" ind1=" " ind2=" ">
<subfield code="a">Copyright (c) 2016 Acta Fisiátrica</subfield>
</datafield>
</record>
</metadata>
</record>