
<record>
<header>
<identifier>oai:revistas.usp.br:article/137656</identifier>
<datestamp>2019-09-24T13:11:50Z</datestamp>
<setSpec>actafisiatrica:Art.+Orig.</setSpec>
<setSpec>driver</setSpec>
</header>
<metadata>
<record xmlns="http://www.loc.gov/MARC21/slim" xmlns:xsi="http://www.w3.org/2001/XMLSchema-instance" xsi:schemaLocation="http://www.loc.gov/MARC21/slim http://www.loc.gov/standards/marcxml/schema/MARC21slim.xsd">
<leader>     nmb a2200000Iu 4500</leader>
<controlfield tag="008">"160809 2016                        eng  "</controlfield>
<datafield tag="022" ind1="#" ind2="#">
<subfield code="$a">2317-0190</subfield>
</datafield>
<datafield tag="022" ind1="#" ind2="#">
<subfield code="$a">0104-7795</subfield>
</datafield>
<datafield tag="042" ind1=" " ind2=" ">
<subfield code="a">dc</subfield>
</datafield>
<datafield tag="245" ind1="0" ind2="0">
<subfield code="a">Nível de independência funcional de pacientes após acidente vascular cerebral atendidos por equipe multiprofissional em uma unidade de reabilitação</subfield>
</datafield>  <datafield tag="720" ind1="1" ind2=" ">
<subfield code="a">Utida, Karina Ayumi Martins</subfield>
<subfield code="u">Universidade Federal de Mato Grosso do Sul</subfield></datafield>
<datafield tag="720" ind1="1" ind2=" ">
<subfield code="a">Batiston, Adriane Pires</subfield>
<subfield code="u">Universidade Federal de Mato Grosso do Sul</subfield></datafield>
<datafield tag="720" ind1="1" ind2=" ">
<subfield code="a">Souza, Laís Alves de</subfield>
<subfield code="u">Universidade Federal de Mato Grosso do Sul</subfield></datafield>
<datafield tag="520" ind1=" " ind2=" ">
<subfield code="a"> Objective: Evaluating the functional recovery of stroke patients assisted by multidisciplinary team in a Continuous Care Unit (UCCI) and identifying factors associated with the functionality gains. Methods: It is a cross-sectional study using secondary data from 34 patients assisted during one year in a rehabilitation unit, in which the team works in a comprehensive and humane way, providing functionality gains and rescuing autonomy. The medical records were investigated for sociodemographic data, lifestyle, type of stroke, duration of hospitalization and level of functional independence at the time of admission and of discharge based on the Barthel Index. Results: Most of the patients at admission presented whole or severe dependence (55.9%); at discharge, most patients presented mild dependence or full independence (55.9%). About total dependence, there was a significant decrease in the percentage of patients with such degree of dependence (p &lt; 0.001). No relationship was observed between the functionality gain and the variables studied. Conclusion: The results showed that the proposed rehabilitation program has brought a positive outcome on functionality and the functionality gains were not associated with the variables studied </subfield>
</datafield>
<datafield tag="260" ind1=" " ind2=" ">
<subfield code="b">Faculdade de Medicina, Universidade de São Paulo</subfield>
</datafield>
<dataField tag="260" ind1=" " ind2=" ">
<subfield code="c">2016-08-09 00:00:00</subfield>
</dataField>   <datafield tag="856" ind1=" " ind2=" ">
<subfield code="q">application/pdf</subfield>
</datafield>
<datafield tag="856" ind1=" " ind2=" ">
<subfield code="q">application/pdf</subfield>
</datafield>
<datafield tag="856" ind1="4" ind2="0">
<subfield code="u">https://www.revistas.usp.br/actafisiatrica/article/view/137656</subfield>
</datafield>  <datafield tag="786" ind1="0" ind2=" ">
<subfield code="n">Acta Fisiátrica; v. 23 n. 3 (2016)</subfield>
</datafield>  <datafield tag="546" ind1=" " ind2=" ">
<subfield code="a">eng</subfield>
</datafield>   <datafield tag="540" ind1=" " ind2=" ">
<subfield code="a">Copyright (c) 2016 Acta Fisiátrica</subfield>
</datafield>
</record>
</metadata>
</record>