
<record>
<header>
<identifier>oai:revistas.usp.br:article/137657</identifier>
<datestamp>2019-09-24T13:19:39Z</datestamp>
<setSpec>actafisiatrica:Art.+Orig.</setSpec>
<setSpec>driver</setSpec>
</header>
<metadata>
<record xmlns="http://www.loc.gov/MARC21/slim" xmlns:xsi="http://www.w3.org/2001/XMLSchema-instance" xsi:schemaLocation="http://www.loc.gov/MARC21/slim http://www.loc.gov/standards/marcxml/schema/MARC21slim.xsd">
<leader>     nmb a2200000Iu 4500</leader>
<controlfield tag="008">"160809 2016                        eng  "</controlfield>
<datafield tag="022" ind1="#" ind2="#">
<subfield code="$a">2317-0190</subfield>
</datafield>
<datafield tag="022" ind1="#" ind2="#">
<subfield code="$a">0104-7795</subfield>
</datafield>
<datafield tag="042" ind1=" " ind2=" ">
<subfield code="a">dc</subfield>
</datafield>
<datafield tag="245" ind1="0" ind2="0">
<subfield code="a">Controle postural e o medo de cair em idosos fragilizados e o papel de um programa de prevenção de quedas</subfield>
</datafield>  <datafield tag="720" ind1="1" ind2=" ">
<subfield code="a">Martins, Haviley de Oliveira</subfield>
<subfield code="u">Centro Universitário Adventista de São Paulo</subfield></datafield>
<datafield tag="720" ind1="1" ind2=" ">
<subfield code="a">Bernardo, Karoline Mayara de Aquiles</subfield>
<subfield code="u">Centro Universitário Adventista de São Paulo</subfield></datafield>
<datafield tag="720" ind1="1" ind2=" ">
<subfield code="a">Martins, Maristela Santini</subfield>
<subfield code="u">Centro Universitário Adventista de São Paulo</subfield></datafield>
<datafield tag="720" ind1="1" ind2=" ">
<subfield code="a">Alfieri, Fabio Marcon</subfield>
<subfield code="u">Centro Universitário Adventista de São Paulo</subfield></datafield>
<datafield tag="520" ind1=" " ind2=" ">
<subfield code="a"> Objective: To investigate and analyze the effects produced by a multisensorial exercise program associated with instructions on falls prevention, on postural control and fear of falling in the frail elderly, treated at a rehabilitation service. Methods: A sample of 105 individuals aged over 60 years of both sex were recruited during a screening at the Polyclinic which verified their osteoarticular comorbidities. The volunteers were subjected to evaluations: Timed Up and Go (TUG); Unipedal stance test; Berg Balance Test; and the Falls Efficacy Scale International (FES-I). Those with fragility and risk of falling were invited to participate in a therapeutic program. The falls prevention program consisted of two orientation sessions on prevention and risks of falls and 10 sessions of Multisensorial exercises. Data were analyzed with the help of statistical package Graphy Pad In Stat using the Student t test or Wilcoxon (p &lt; 0.05). Results: Of the 28 elderlies who entered the program, 24 concluded all sessions. Reevaluated after completion of the program, the elderlies showed significant improvements in tests: TUG, Unipedal stance test, Berg Scale, and FES-I. Conclusion: It can be concluded that the intervention program for preventing falls provided improvements on postural control and reduced the fear of falling of these elderlies </subfield>
</datafield>
<datafield tag="260" ind1=" " ind2=" ">
<subfield code="b">Faculdade de Medicina, Universidade de São Paulo</subfield>
</datafield>
<dataField tag="260" ind1=" " ind2=" ">
<subfield code="c">2016-08-09 00:00:00</subfield>
</dataField>   <datafield tag="856" ind1=" " ind2=" ">
<subfield code="q">application/pdf</subfield>
</datafield>
<datafield tag="856" ind1=" " ind2=" ">
<subfield code="q">application/pdf</subfield>
</datafield>
<datafield tag="856" ind1="4" ind2="0">
<subfield code="u">https://www.revistas.usp.br/actafisiatrica/article/view/137657</subfield>
</datafield>  <datafield tag="786" ind1="0" ind2=" ">
<subfield code="n">Acta Fisiátrica; v. 23 n. 3 (2016)</subfield>
</datafield>  <datafield tag="546" ind1=" " ind2=" ">
<subfield code="a">eng</subfield>
</datafield>   <datafield tag="540" ind1=" " ind2=" ">
<subfield code="a">Copyright (c) 2016 Acta Fisiátrica</subfield>
</datafield>
</record>
</metadata>
</record>