
<record>
<header>
<identifier>oai:revistas.usp.br:article/137658</identifier>
<datestamp>2019-09-24T13:30:20Z</datestamp>
<setSpec>actafisiatrica:Art.+Orig.</setSpec>
<setSpec>driver</setSpec>
</header>
<metadata>
<record xmlns="http://www.loc.gov/MARC21/slim" xmlns:xsi="http://www.w3.org/2001/XMLSchema-instance" xsi:schemaLocation="http://www.loc.gov/MARC21/slim http://www.loc.gov/standards/marcxml/schema/MARC21slim.xsd">
<leader>     nmb a2200000Iu 4500</leader>
<controlfield tag="008">"160809 2016                        eng  "</controlfield>
<datafield tag="022" ind1="#" ind2="#">
<subfield code="$a">2317-0190</subfield>
</datafield>
<datafield tag="022" ind1="#" ind2="#">
<subfield code="$a">0104-7795</subfield>
</datafield>
<datafield tag="042" ind1=" " ind2=" ">
<subfield code="a">dc</subfield>
</datafield>
<datafield tag="245" ind1="0" ind2="0">
<subfield code="a">Deglutição de sujeitos portadores de esclerose lateral amiotrófica</subfield>
</datafield>  <datafield tag="720" ind1="1" ind2=" ">
<subfield code="a">Paim, Émille Dalbem</subfield>
<subfield code="u">Universidade Federal de Ciências da Saúde de Porto Alegre</subfield></datafield>
<datafield tag="720" ind1="1" ind2=" ">
<subfield code="a">Jarces, Munique</subfield>
</datafield>
<datafield tag="720" ind1="1" ind2=" ">
<subfield code="a">Zart, Patricia</subfield>
<subfield code="u">Universidade de Passo Fundo</subfield></datafield>
<datafield tag="720" ind1="1" ind2=" ">
<subfield code="a">Varela, Daniel Lima</subfield>
</datafield>
<datafield tag="520" ind1=" " ind2=" ">
<subfield code="a"> Objective: Evaluate the deglutition characteristics of patients with Lateral Amiotrophic Sclerosis by videofluoroscopy. Methods: 20 patients were included, aging 43 - 75 years, with no other concomitant disease, without the use of tracheostomy or other alternative feeding tubes. After an anamnesis, the patients received three servings of food, one liquid, one pasty and one solid, and underwent the deglutition videofluoroscopy. The exam was filmed for further analysis. Results: In the liquid consistency, the most significant alteration was the presence of residues on the vallecula of 11 patients. The pasty consistency caused reduction in the larynx elevation in 12 patients and residues in pharyngoesophageal transition of 12 patients. In the solid consistency, 10 patients had tongue mobility reduction and residues in the oral cavity was found in 10 patients. Out of the 20 included patients, 11 had discrete dysphagia. Conclusion: All patients had dysphagia, most of them at a discrete degree. The pharyngeal phase was the most compromised for the pasty and liquid phases, with residues in vallecula and pharyngoesophageal transition, followed by the oral phase, with increased oral transit time and reduced tongue mobility in the solid consistency </subfield>
</datafield>
<datafield tag="260" ind1=" " ind2=" ">
<subfield code="b">Faculdade de Medicina, Universidade de São Paulo</subfield>
</datafield>
<dataField tag="260" ind1=" " ind2=" ">
<subfield code="c">2016-08-09 00:00:00</subfield>
</dataField>   <datafield tag="856" ind1=" " ind2=" ">
<subfield code="q">application/pdf</subfield>
</datafield>
<datafield tag="856" ind1=" " ind2=" ">
<subfield code="q">application/pdf</subfield>
</datafield>
<datafield tag="856" ind1="4" ind2="0">
<subfield code="u">https://www.revistas.usp.br/actafisiatrica/article/view/137658</subfield>
</datafield>  <datafield tag="786" ind1="0" ind2=" ">
<subfield code="n">Acta Fisiátrica; v. 23 n. 3 (2016)</subfield>
</datafield>  <datafield tag="546" ind1=" " ind2=" ">
<subfield code="a">eng</subfield>
</datafield>   <datafield tag="540" ind1=" " ind2=" ">
<subfield code="a">Copyright (c) 2016 Acta Fisiátrica</subfield>
</datafield>
</record>
</metadata>
</record>