
<record>
<header>
<identifier>oai:revistas.usp.br:article/137659</identifier>
<datestamp>2019-09-24T13:35:01Z</datestamp>
<setSpec>actafisiatrica:Art.+Orig.</setSpec>
<setSpec>driver</setSpec>
</header>
<metadata>
<record xmlns="http://www.loc.gov/MARC21/slim" xmlns:xsi="http://www.w3.org/2001/XMLSchema-instance" xsi:schemaLocation="http://www.loc.gov/MARC21/slim http://www.loc.gov/standards/marcxml/schema/MARC21slim.xsd">
<leader>     nmb a2200000Iu 4500</leader>
<controlfield tag="008">"160809 2016                        eng  "</controlfield>
<datafield tag="022" ind1="#" ind2="#">
<subfield code="$a">2317-0190</subfield>
</datafield>
<datafield tag="022" ind1="#" ind2="#">
<subfield code="$a">0104-7795</subfield>
</datafield>
<datafield tag="042" ind1=" " ind2=" ">
<subfield code="a">dc</subfield>
</datafield>
<datafield tag="245" ind1="0" ind2="0">
<subfield code="a">Incapacidade funcional de pacientes com doença pulmonar obstrutiva crônica através da WHODAS</subfield>
</datafield>  <datafield tag="720" ind1="1" ind2=" ">
<subfield code="a">Silva, Cássio Magalhães da Silva e</subfield>
<subfield code="u">Universidade Federal da Bahia</subfield></datafield>
<datafield tag="720" ind1="1" ind2=" ">
<subfield code="a">Pinto Neto, Abíllio Costa</subfield>
<subfield code="u">Universidade Federal da Bahia</subfield></datafield>
<datafield tag="720" ind1="1" ind2=" ">
<subfield code="a">Nepomuceno Júnior, Balbino Rival</subfield>
<subfield code="u">Universidade Federal da Bahia</subfield></datafield>
<datafield tag="720" ind1="1" ind2=" ">
<subfield code="a">Teixeira, Helena Pereira</subfield>
<subfield code="u">Universidade Federal da Bahia</subfield></datafield>
<datafield tag="720" ind1="1" ind2=" ">
<subfield code="a">Silveira, César Diniz</subfield>
<subfield code="u">Universidade Federal da Bahia</subfield></datafield>
<datafield tag="720" ind1="1" ind2=" ">
<subfield code="a">Souza-Machado, Adelmir</subfield>
<subfield code="u">Universidade Federal da Bahia</subfield></datafield>
<datafield tag="520" ind1=" " ind2=" ">
<subfield code="a"> Measurement of Activities of daily living (ADLs) in patients with COPD is a commonly used instrument and supported by the International Classification of Functioning (ICF). Objective: Evaluate the functional disability in patients with chronic obstructive pulmonary disease (COPD) by the World Health Organization Disability Assessment Schedule (WHODAS). Methods: This cross-sectional study that evaluated 24 patients at the beginning of a pulmonary rehabilitation program with WHODAS 2.0 questionnaire. The statistical analysis was descriptive and inferential analysis with the Spearman correlation coefficient with 5% significance level. Results: The data obtained with the total scores of domains and scales in the evaluation of patients were compared using the Mann-Whitney test. Patients had mild functional disability. The total score WHODAS 2.0 was higher in younger than 60 years (35.3 ± 16 vs 14.4 ± 8.6; p = 0.05) and males (12.1 ± 6.7 vs 25.2 ± 15.1; p = 0.03) part will introduce greater disability. There was also a correlation between the domain “daily activities” with the domain “participation” (r = 0.771; p0.001). Conclusion: The 2.0 WHODAS was rated as a feasible tool for the assessment of disability in activities of daily living (ADL’s) of COPD patients. The results also revealed that community patients out of the COPD crisis, have moderate to mild difficulty in mobility to social participation domains </subfield>
</datafield>
<datafield tag="260" ind1=" " ind2=" ">
<subfield code="b">Faculdade de Medicina, Universidade de São Paulo</subfield>
</datafield>
<dataField tag="260" ind1=" " ind2=" ">
<subfield code="c">2016-08-09 00:00:00</subfield>
</dataField>   <datafield tag="856" ind1=" " ind2=" ">
<subfield code="q">application/pdf</subfield>
</datafield>
<datafield tag="856" ind1=" " ind2=" ">
<subfield code="q">application/pdf</subfield>
</datafield>
<datafield tag="856" ind1="4" ind2="0">
<subfield code="u">https://www.revistas.usp.br/actafisiatrica/article/view/137659</subfield>
</datafield>  <datafield tag="786" ind1="0" ind2=" ">
<subfield code="n">Acta Fisiátrica; v. 23 n. 3 (2016)</subfield>
</datafield>  <datafield tag="546" ind1=" " ind2=" ">
<subfield code="a">eng</subfield>
</datafield>   <datafield tag="540" ind1=" " ind2=" ">
<subfield code="a">Copyright (c) 2016 Acta Fisiátrica</subfield>
</datafield>
</record>
</metadata>
</record>