
<record>
<header>
<identifier>oai:revistas.usp.br:article/137660</identifier>
<datestamp>2019-09-24T13:40:36Z</datestamp>
<setSpec>actafisiatrica:Art.+Orig.</setSpec>
<setSpec>driver</setSpec>
</header>
<metadata>
<record xmlns="http://www.loc.gov/MARC21/slim" xmlns:xsi="http://www.w3.org/2001/XMLSchema-instance" xsi:schemaLocation="http://www.loc.gov/MARC21/slim http://www.loc.gov/standards/marcxml/schema/MARC21slim.xsd">
<leader>     nmb a2200000Iu 4500</leader>
<controlfield tag="008">"160809 2016                        eng  "</controlfield>
<datafield tag="022" ind1="#" ind2="#">
<subfield code="$a">2317-0190</subfield>
</datafield>
<datafield tag="022" ind1="#" ind2="#">
<subfield code="$a">0104-7795</subfield>
</datafield>
<datafield tag="042" ind1=" " ind2=" ">
<subfield code="a">dc</subfield>
</datafield>
<datafield tag="245" ind1="0" ind2="0">
<subfield code="a">Nível de ativação muscular do vasto medial em diferentes exercícios fisioterapêuticos</subfield>
</datafield>  <datafield tag="720" ind1="1" ind2=" ">
<subfield code="a">Birck, Andressa Dupont</subfield>
</datafield>
<datafield tag="720" ind1="1" ind2=" ">
<subfield code="a">Zaleski, Jonnas da Fontoura</subfield>
<subfield code="u">Universidade Federal do Rio Grande do Sul</subfield></datafield>
<datafield tag="720" ind1="1" ind2=" ">
<subfield code="a">Franke, Rodrigo de Azevedo</subfield>
</datafield>
<datafield tag="720" ind1="1" ind2=" ">
<subfield code="a">Lima, Cláudia Silveira</subfield>
<subfield code="u">Universidade Federal do Rio Grande do Sul</subfield></datafield>
<datafield tag="520" ind1=" " ind2=" ">
<subfield code="a"> Excessive lateralization, which often occurs by the weakening of Vastus Medialis (VM) muscle of the patella, is one of the causes of Patellofemoral Pain Syndrome (PFPS) For prevention and rehabilitation of PFPS, the VM strength is essential. Objective: The aim of the study was to compare the VM activation level in four different exercises used in the prevention and rehabilitation of PFPS that are isometric knee extension at 30° and 60° and isometric squat at 60° with or without hip adduction. Methods: A sample of 14 sedentary healthy subjects, aged between 20 and 40 years was included. The EMG signal of VM muscle was collected during Maximal Voluntary Isometric Contraction with duration of five seconds for each exercise. From the captured EMG signal, a period of three seconds was cut and thereafter the Root Mean Square value for each exercise was obtained. Results: The results showed that there was significantly greater activation in VM extension exercises compared to squat exercises. However, there was no significant difference between the two extension exercises, as well as between squat exercises. Conclusion: It can be concluded that the best exercises to maximize the activation of the VM are the isometric knee extension, regardless of the rated angle, since they have greater VM activation level, essential for the prevention and rehabilitation of PFPS </subfield>
</datafield>
<datafield tag="260" ind1=" " ind2=" ">
<subfield code="b">Faculdade de Medicina, Universidade de São Paulo</subfield>
</datafield>
<dataField tag="260" ind1=" " ind2=" ">
<subfield code="c">2016-08-09 00:00:00</subfield>
</dataField>   <datafield tag="856" ind1=" " ind2=" ">
<subfield code="q">application/pdf</subfield>
</datafield>
<datafield tag="856" ind1=" " ind2=" ">
<subfield code="q">application/pdf</subfield>
</datafield>
<datafield tag="856" ind1="4" ind2="0">
<subfield code="u">https://www.revistas.usp.br/actafisiatrica/article/view/137660</subfield>
</datafield>  <datafield tag="786" ind1="0" ind2=" ">
<subfield code="n">Acta Fisiátrica; v. 23 n. 3 (2016)</subfield>
</datafield>  <datafield tag="546" ind1=" " ind2=" ">
<subfield code="a">eng</subfield>
</datafield>   <datafield tag="540" ind1=" " ind2=" ">
<subfield code="a">Copyright (c) 2016 Acta Fisiátrica</subfield>
</datafield>
</record>
</metadata>
</record>
<resumptionToken expirationDate="2023-08-08T14:50:21Z" completeListSize="935" cursor="575">7b0154e6f8ef847f7abedf69637059ec</resumptionToken>
</ListRecords>
</OAI-PMH> 